3800 5255
808 291 2678 91 RARIO, Rarium, et ΡΑΡΙΟΝ, è nome di Poggio, di luogho illustre et di edificio, et di Tempio et claustro in Eleusina.

866 377 2618 82 opera degli Eleusini populi d'Eleusi città nell'Attica, dove si adorava Cerere Raria. Come luogo consecrato

872 463 2606 84 alla Madre Cerere Eleusina, ove pria mostro il frumento all'antichi nell'uso della coltura et della divitia, et

872 547 2562 91 mostro l'uso da fare le pizze ò focaccie, et la Farratione. Onde la dissero Raria Matre, inquesto suono,

874 639 2634 87 ΡΑΡΙΑ ΜΗΤΗΡ, et ΡΑΡΙΑ Η ΑΗΜΗΤΗΡ, et vi veneravano Apolline, et Ptriptolemo predicattore delle frugie

858 733 2638 84 cereali. per che dicono che Cerere albergo con Raro Aare di Triptolemo et di Baubona, fanciulla che ralle

858 817 2638 82 gro Cerere perle sue burle. Et dal medesimo luogo fu detta Ravia Diana. Et scrivesi Rhario per spira¬

874 901 1170 87 tione come, è detto piu oltre nell'altro suo luogo.
