3800 5255
3133 174 141 98 64

3097 248 139 176 61

397 373 2500 115 nel quarto libro de Ponto, et si chiamava gia Coralio, et nasce nel monte Dindymo, dal quale

383 463 2497 100 si appella Cybele Dindymea. Sacrificavano gli Helidi ad'Alphaeo, altri al Fonte Anigrese perli amori

408 559 2503 100 et Vaticinij, al Fonte Langia, al Ionide alle nymphe Anigresi et alle altre, chiamate Anchirrhoe, Ione

412 620 2478 138 Myrtessa; et al fiume Amphriso, all'Eurota perlo amore di Iove et di Leda, et non era citta ne greca

398 751 2490 108 ne latina, che non venerassero i Fonti et li Fiumi, et i Mari: come fece Alexandro Magno che sacri

393 831 2541 122 fico all'oceano, come origine et padre di tutti ifiumi et degli Iddij chiamati dell'acque et delle Nym

406 910 2501 118 phe: et partico larmente Veneravano Glauco et Galathea, Protheo et Idothea suafigliuola, Ne

403 998 2494 108 reo et le Nereide, et Neptuno, con trecento Iddij dell'acque et maschi et femine, et sopra alle

402 1075 2481 113 Donne Venere et Doride. Melicerta et Palemone; si che non manchavano all'antichi i nomi

404 1171 2509 123 deloro iddij de Fonti: ma i Romani universalmente, al sole et Aesculapio et alle Figliole li con

392 1250 2519 125 secrarono: et à questi facevano la sollennita Fontande come piace à Varro, ma Festo Pompeio Fon

417 1341 2475 123 tinalia dice essere Ferie dirette et dedicate alli Fonti, et intal hora si coronavano di fiori, et si gitta

421 1432 2485 122 vano esse corone ne Fonti, et coronavano i Pozzi. Et cosi facevano gli habitatori del parnasso nell'

414 1526 2478 114 Helicone, quelli del pegaeo, ò, ΠΗΓΑΙΟΣ, del qual bevevano. Ma in Roma ornavano la Porta Fontilale, la

423 1613 2488 114 quale prima si chiamava Capena, intalhora quando andavano fuori di essa in pompa colle corone à dedicarle

423 1694 2466 137 a i Fonti: et Fudetta Fontinale dala copia dele vene de Fonti, et Iuvenale percio la dice Madida Capena

422 1790 2449 106 cosi nella seconda Satyra. SVBSTITIT AD VETERES ARCVS, MADIDAMQVE CAPENAM. dela cui porta Livio

424 1876 2484 107 parla cosi dicendo. AEDILES ALTERAM PORTICVM AD PORTAM FONTINALEM AD MARTIS ARAM. Q VAIN

415 1978 2487 113 CAMPOS ITER ESSET, PERDVXERE. Percio che era fuori di questa porta il Tempio di Marte Custode della citta

428 2061 2465 128 ora per dire anchora dele cerimonie antiche dell'acque, i Romani particolarmente conducevano nel cir

423 2148 2466 112 co dove facevano i giuochi et sacrificij circensi uno Euripo cio è Rivoletto di acqua Viva, per che

419 2238 2476 121 in essi guochi si honorassero le cose dell'acque et dell'oceano, et per significare la vita di mortali essere

439 2332 2432 124 simile à quella de Fonti, et venire dal suo origine à diventar stagni fiumi, et mari, et sono tutti

433 2451 2492 113 correnti et muovibili et mutabili di fortuna et di quietudine: Il che disse ottimamente Euripide

448 2525 2454 149 concio sia cosa che li fonti nascono et vengono dal suo origine cosi gli uhuomini, et sicome poi simuta

451 2642 2465 132 no et pareno essere leistesse onde,e non sono quelle: ma simili à quelle di prima, et sicome sono hor liete

434 2747 2506 143 et hor turbate et correno alMare Tranquillo et si convertono influtti, et poscia si tranquillino, cosi

437 2778 2495 181 etiandio succede allhumana vita de mortali: pertanto i Romani non conoscendo il vero et grande

434 2912 2455 158 opefice philosophando reverivano l'acque le quali pareno maravigliose nel vederle caminare

436 2978 2466 172 attorno della terra fluire, et partirsi da essa mediante l'ordine dela potenza data ai corpi celesti si

449 3110 2439 132 converte in pioggia, et alimenta le piante: pareva loro questo un slupore un miracolo grande

450 3198 2435 134 come nel vero egliè inconsiderabile, et in questo non riconoscendo la potenza di colui che ha fatto ogni

456 3316 2449 145 cosa davano la Deita all'acque per honorar quella sua potentia, alimentale; et colli Fonti ricorda

456 3398 2481 128 vano la origine dela vita. Et i greci chiamarono atalfine ΚΡΗΝΗ, ΠΗΓΗ, à fundendo, tanto mascolinamen

449 3504 2450 100 te come femininamente, ΚΡΗΝΗ. et ΚΡΟΥΝΗ, et ΚΡΟΥΝΩ. à Fundendo quefundat aquam tondeilatini

456 3575 2451 117 Fecero Fons et Fontis, Fontana. Come disse Caesare nell'ottavo del Bello Gallico. SVB IPSVS ENIM OP¬

475 3651 2435 148 PIDI MVRVM MAGNVS FONS PRORVMPEBAT. et Varrone Forma da Fons Fontana. et Fons si prende per

470 3760 2427 119 translatione, per orgine et Causa, come ci mostra Cicerone nel terzo dele Tuscolane quando dice NONREM

458 3857 2471 118 IPSAM CAVSAM ATQVE FONTEM ESSE MOERORIS. et il medesimo à Bruto: NEC IN SENATV SCELERATISSIMORVM

469 3937 2456 147 CONSILIORVM FONTES APETIRE DVBITAVI. et Virgilio Fontem' per acqua di Fontana pose nel duodecimo dell'

471 4053 2444 126 Aeneide et perla parte usurpa il tutto, ALII FONTEMQVE IGNEMQVE FEREBANT. Siche la maraviglia d'una

477 4176 2422 100 sigrande origine defonti che vengono dai granmari, et stagni fece pensare agli antichi di qualche deita

474 4216 2442 171 come dice Pamphilo: oltre quanti Re et signori, ò che si sono annegati nell'acque à tutti hanno dato il nome
