3800 5255
3253 185 115 102 63

3003 246 131 175 60

375 283 2520 149 Vedesi dala pianta istessa del fonte Lolliano, come gli antichi edificavano gli edificij Fonti

400 436 2459 78 nali et gli antri, quasi à similitudine, di Tempij, accio che fussero come luoghi.

405 514 2492 94 reveriti et appropriati alla Deita dell'Acque, dele Nymphe, et di Venere et dell'altre

397 588 2497 159 Lymphe,à quali gliantichi diedono l'occulta Deita di quella proprietà profonda del

407 670 2457 126 acque, alla quale sacrificavano et facevano la Festa Fontinale. Et da principio li

380 756 2511 155 facevano suli passi del Tevere, sull'Almone fuori della porta Capena, chiamata Ma

392 875 2472 101 dida capena come dice Varrone dala copia di fonti, quasi molla et bagnata. Dipo i

378 926 2552 126 havendo l'acque dedutte per forza di stupende anzi miracolose fabriche, in ogni casaera

390 1035 2514 113 un luogho bello edificato alla medesimo deita, come hovemo osservato nelle cavationi.

387 1126 2539 145 delle antiche rovine dove havemo visti i Vestiggi di essi luoghi, di bella maniera come

386 1259 2488 107 posti, come era sul Quirinale nella casa Fluvia, nella Quintiana, nella corneliava

385 1336 2513 110 et sul palatino la scauriana deli quattro scauri: nel Monte Aventino unaltra della

381 1439 2532 136 medesimo fameglia, et infiniti altri luoghi. Ora Io profilo di questa facciata, è di quel

364 1506 1432 169 la parte segnata•A, di opera rustica et di Tivertino.

515 4159 879 80 Iltutto porta colle oncie piedi .40.

1596 2524 104 262 Piedi •9•

1748 4010 65 59 06

1839 3969 207 82 Piedi •4•

1967 3614 100 305 Piedi •8 •¼

2049 3943 97 129 ...

2223 2578 136 99 P•2•¼

2174 3918 122 102 Pi 2

2129 4098 215 117 •P•2•¼

2486 2372 104 249 Piedi •7•

2538 3546 81 215 Piedi •8•

2496 3811 170 88 Piedi 4•

2487 4000 146 74 P•5•

2589 2554 86 90 P 4

2786 2568 71 80 P 2

2727 3003 104 232 P 2•÷

2760 3705 75 374 Piedi 10 ...
