3800 5255
3091 180 122 50 40

3161 294 107 55 37

544 360 2468 83 RIRA, è fiumana della Thracia verso la pontica. et fu oppido del medesimo nome, ò castello fatto,

590 468 2440 77 gia da Milesij popoli secondo Hecataeo. et Plinio nellibro quarto al capo undecimo mette il fiume

594 556 2472 89 verso il Mare Pontico in Thracia nell'Apollonia et Anthio. ove egli dice che di esse sono, que¬

574 660 1280 75 sti fiumi. Panissa, Rira, Tearus et Orisines.

522 918 1876 69 RISANO, è voce vulgare del Fiume, che gliantichi dicevano Formio nella Histria.

536 994 2510 107 RISADIR, è nome di Porto, presso della Geographia d'Artemidoro, come ancho presso Plinio.

600 1104 2458 89 nellibro quinto al capo primo nelle cose della Mauretania, ove accusa esso porto essere nel

576 1206 2482 82 la Libia Mauretana oltre al promontorio del sole presso le genti de Getuli, et Autololi, ove

586 1290 2008 92 ro per dirle latinamente GETVLES, ET AVTOLOLES, et sull'oceano Mauretano.

528 1404 1520 83 RISINO, Risinum, è città nella liburnia, secondo Ptolemaeo.

542 1520 2532 83 RISPIA, città della pannonia superiore, come scrive Ptolemaeo. alcuni Rispya, et Rispyana vulgatamente.

580 1754 2502 101 RITHYMNIA, è citta di Crete Isola, ò vogliamo dire di Candia, donde il cittadino Stephano dice

628 1854 2100 105 RithyMniate, et Rhitymnio, al costume greco. ΡΙΘΥΜΝΙΑΤΗΣ, ΚΑΙ ΡΙΘΥΜΝΙΟΣ,

536 1964 2552 75 RIVALTA, è luogo habitato nel dominio Mantuano nella Lombardia posto sotto il titulo del sabioneto, dove

570 2047 2530 60 anticamente, fù il Tempio di Iove, ove è hora la chiesa di san Rivalta, et vi si trova questa dedicatione anti

568 2118 1534 65 ca, la quale havemo havuta copiata per mano del signor Iulio Mosti.

2256 2121 172 49 IOVI

2110 2190 514 45 T•POPILIVS•L•F

2186 2240 314 41 LAENAS.

538 2286 2264 62 RIVO, Rivum, ΡΙΟΥΟΝ, è promontorio della Corsica isola, ò come dice Ptolemaeo in Cyrno Isola.

534 2362 2562 69 RIVO DEL SOLE, è quel fiume, che Horatio Flacco chiama Digentia, che corre per l'umbria nel contado di Spoleto.

552 2498 2554 99 RIZENIA, ò pure, ΡΙΖΗΝΙΑ, è città dell'Isola di Crete, detta da Rizena; Heroessa secondo disse

594 2606 2544 89 Callisthene: dalla quale Stephano aduce il nome del cittadino Rizeniate, ò vero ΡΙΖΗΝΙΑΤΗΣ.

540 2820 2590 113 RIVA DI TRENTO, cosidetta dal vulgo, è Terra habitata, cosi detta, non per che sia sula riva del Laco,ma

574 2904 2584 106 per che vi fù fatto gia un Rivo di sangue in uno gran fatto d'arme, tra Boiori et altri populi venu¬

582 2990 2610 103 di dalla dell'Alpi, onde Rivo di sangue sparso, et non Riva, è esso lugo posto nelli Boiori ai confi¬

584 3084 1768 85 ni del paese di Trento, ò Triento città, come dice Pietro Bembo.

584 3180 2506 93 RIZIS, òvero RIZI, et, ΡΙΖΙΣ, nel greco uso, et stata gran fortezza di Trogloditi, donde si dice

620 3288 2458 81 il suo possessivo Riziatoe, et Rizis, et Rizio, et Riziano, come da Phasi phasiano, la onde

632 3397 2516 69 Stephano nella sua grammatica dice ΡΙΖΙΣ, ΑΚΡΑ ΜΕΓΑΛΗ, ΗΝ ΟΙΚΟΙΣΙ ΤΡΩΓΛΟΔΥΤΑΙ. ΟΙ ΚΑΤΟΙ¬

620 3487 1392 75 ΚΟΥΝΤΕΣ, ΡΙΖΙΤΑΙ. ΚΑΙ ΡΙΖΙΣ, ΡΙΖΙΟΣ, ΩΣ ΦΑΣΙΑΝΟΣ.

608 3926 2534 93 RIZON, ò pure, ΡΙΖΩΝ, è città antica della Illyria, et etiandio nome di Fiume, come scrive

630 4038 2508 77 Stephano, dalla quale il cittadino Rizonite, ò veramente, ΡΙΖΟΝΙΤΗΣ, Trovasi essere stata fatta

640 4138 2484 73 colonia da Aureliano imperatore, secondo la sua Medaglia, la quale chiamo. COLONIA AVRELIANA

622 4228 1874 85 RIZONA, AVGVSTA. LATINA. Alcuni Rhizon, conla spiratione la scrivono.
