3800 5255
464 666 468 141 I Catullo, chiama Zona

492 768 361 95 la detta cintura.

477 841 486 94 Tam gratum mihi, quam ferut

476 899 475 89 puella / Pernici aureolum

480 965 485 108 fuisse malum / Quod Zonam

474 1024 406 83 solviti diu legatorm.

480 1068 478 103 et il medesimo autore in

488 1141 372 88 uno altro luogo cosi

468 1196 500 105 Nequaerendum aliunde foret

487 1246 292 70 nervosius illud,

468 1290 491 99 Quod posset zonam solvere

494 1325 224 93 virgineam.

475 1368 493 100 Egregium narras mira pieta¬

487 1440 234 78 te parentem,

477 1480 481 97 Qui ipse sui gnati minxerit

486 1548 464 85 in gremium. Del significa

489 1597 453 91 to di tal cintura et per

491 1664 429 95 che, cosi fu usato dirò

482 1727 468 95 Piudi sotto, Festo pompeo

489 1790 436 92 chiama cotal cintura

491 1861 439 95 cingulo, et propertio

491 1925 487 96 anco egli chiama tal cinta

484 1995 161 67 Mitra.

476 2018 512 117 Quae cui sidoniae nocturna

492 2101 321 71 ligamina mitra

478 2142 490 91 Solverit, atque oculos mo¬

487 2196 373 107 verit illa graves.

979 575 2407 132 Madre cantavano lo Hymeneo, Nel medisimo authore si cava che la sposa si scigneva la cintula, per che

988 680 2380 84 mentre era cinta, al Marito non era licito Toccarla J Le qual cose si accordano con tutte le sù dette. Altri

978 749 2382 106 han referito, che mentre il sposo, et la sposa stavan insieme in camera, si sementava la casa de noci,

975 829 2443 103 si come ho detto presso al Tempio di Priapo, sovra à quelle si ballava facendo strepito, accio che il contra¬

970 893 2449 121 sto della sposa non fusse sentito. Altri dicono, che subito che s'era mangiato le Vergini cantavano lo Epita

973 998 2419 97 Iamio dinanzi alla porta della sposa; Di due sorte eran gli Epitalamij, quelli della sera si cantavano per

975 1050 2437 101 insino à mezza notte, accio che non fusse sentito i fatti delli sposi, et lo Epitalamio della matina si canta¬

973 1136 2432 105 va per svegliar lo sposo, Tutti gli authori si accordano che lo Hymeneo, che i padri et madri lo cantasseno

975 1216 2434 110 tosto che s'era cenato. Strane pazzie furon'al mondo, sono stati alcuni, che ha dispreggiato i matremo¬

970 1294 2419 111 nij, Altri l'am lodati, alcuni han fatto publica la moglie, altri l'hom fatta pria sverginar da lor signori

973 1355 2414 145 altri l'han pria condotta per tutta la città accio che s'alcun volesse alcuna cosa, glela lasciava goder per

979 1442 2408 136 untratto, pur che non segli mancasse d'alcun dono, et doppo questo la conduceva in casa per bella et per

973 1539 2435 115 buona. Gli spartani tre pene davan à loro cittadini, el che scrive Aristone, la prima pena che davan

978 1609 2360 130 era quella di color che non prendevan moglie, la seconda di quelli, che la piglivan tardi, la terza

981 1690 2389 127 era di quelli che la pigliavan'trista cosa facile à intravenire, Non per altro dice Democrito, che Fidlia

968 1799 2395 107 fece la statua di Venere, che calcava col piede una Testudine, el che significa, che le Donne devono uscir

973 1872 2353 115 poco di Casa et tacere. Hora tornamo ad Hymeneo, dicono che fù capo di matrimonij perlo infra

970 1940 2413 104 scritte ragioni. Lattantio comentatore della Thebaide nel terzo libro. Hymeneo fu un garzone Athe

968 2039 2410 81 niese, il qual'essendo già fuor della pueritia ma non anchora senteva dolcezza di Venere, si dici che

970 2096 2386 106 fu di tal bellezza, che pareva una Donna del qual assendose nomorata una nobil giovene vergine,

960 2163 2422 127 et cittadina di Athene, et esso essendo nato di mediocre parentato, non facilmente se sperava di poter¬

978 2257 2380 86 si concludere le nozze non di meno quel tanto, che poteva si satiava della sfrema linea dell'amore

967 2348 2444 106 et di guardar sol si contentava. Et facendosi i sacrificij dale nobil donne con le vergini, ala Dea Cere¬

969 2402 2397 130 re el Leusina, sopra venneno certi Corsari, et rapirono quello vergini, trale quali fù Hymeneo, il qual per

958 2492 2398 130 insino à quel luogo seguito havea la sua namorata, et li detti corsari, havendosi gia per gran spatio

969 2580 1332 106 di mare menato via cotal preda, arrivorono finalmente

2314 2557 49 54 in

2301 2583 1052 114 un un certo locu, et ivi venti dal sonno, da

976 2638 2370 123 quei che gli seguitavom' furon'uccisi, Hymeneo lasciate ivi le vergeni ritornato ad Athene; con

966 2719 2422 136 patto ottenne da i cittadini le nozze della sua amante, se egli restituisse loro le sue figliuole, Poscia

965 2834 2428 103 che Hymeneo ritornò quelle figliole ottenne per sposa quella che tanto amava, il qual matrimonio per

980 2898 2380 120 per che fu felice piacque agli Atheniesi, che nelle nozze si cantasse lo Hymeneo; et i Romani

970 3008 1534 83 invece de Hymeneo invocavano Thalassio, secondo scrive

2434 2961 129 50 Livio

2504 3002 846 95 Festo et Plutarco, ò ver per che

966 3048 2410 103 chiamano da questa parola Talasia, che vol dir lanificio, et Talaran' chiamano il canestro do¬

967 3112 2408 96 ve se tengono cose ò strumenti da filare, et menando la sposa in casa del marito stendevano in

975 3212 2389 102 terra una pelle: et essa portava seco la conocchia, et il fuso, ma gli huomini solevan, coronare

970 3287 2395 97 et cignere da porta di Lana ò per che et forse è il voro secondo se scrive, che alla sposa ancho

962 3353 2422 109 facevan' ontare la porta del marito di sevo, di lupo; ò ver con la lana sudicia con sogna di'por¬

955 3441 2405 111 co, questo era solito farsi secondo accenna Plinio, accio che con la sposa non entrasseno le malie,

967 3533 2380 89 si come amcho facevano sedere la novella sposa sovra ad un gran priapo di legno di fico,

958 3583 2414 111 accio che resistesse contra à i mali occhi. Ma in vero dicano, che Thalassio, fu un giovene

959 3670 2383 107 valente nelle cose dela guerra, che fu di buoni costumi ornatissimo à Roma. Ma poi havendo

958 3734 2380 86 i Romani per ordine dato dal Rè Romolo, rapite le Vergini sabine, et ceninesi, che alle feste

966 3797 2405 125 consuali erano invitate, fu una Vergine de quelle bellissima condotta al predetto Thalassio da

965 3885 2419 95 certi suoi affetionati clienti, et à cio piu securamente la conducesseno, ne gli fuste d'alcuno sforzata,

953 3980 2417 111 no violata, adalta voce gridavano, questa vergine la conducemo à Talassio. Lo resto dunq¬

952 4054 2435 114 ue della moltitudine de i soldati per honore de esso Talassio accompagnoron quella honestissimamen¬

961 4129 2383 90 te, et condussenla à Talassio, De quel tempo per che quelle nozze succeseno bene rimase tal'

958 4198 2405 140 sollennità in che come i Greci, nominano Hymeneo cosi i latini per bono Augurio nele
