3800 5255
3196 132 108 162 98

3070 226 104 174 95

1086 243 352 69 DI ROMA.

298 353 2632 111 Si vede pure perle antichita come Roma è stata madre di tutti le nationi et recetto de tutti gli Dei di quei tempi che

320 447 2602 125 hebbe l'imperio delle piu belleparti del mondo. Ordunque cavandosi in un deverticolo della Via Valeria, per trovare

300 557 2614 123 de marmi per far calcina, furono scoperte queste due Basi, et rotte per l'uso che habbiamo detto, ove appresso di

324 659 2574 125 un muro edificato di sassi quadrati si leggevano le medesimo lettere. et come dimostrano vi è uno epitheto dato

312 757 2590 137 à quella Dea di Artempasa, che non è altro che la celeste Venere; il quale è molto raro et nuovo, onde pi pare

316 855 2604 145 come per mio debito difare questa breve annotatione, indichiaratione di questa Dea divota di quelli artefi

330 969 2572 129 ci che mostrano i loro segni con quelli istrumenti dela loro arte: cosi adunque per che sia piu chiara, non

328 1069 2594 123 senza auttorita d'antico scrittore, porremo per autorita la sentenza di Herodoto; di quelluogo la dove

330 1167 2584 123 egli parla, et di questa et d'alcuni altri Dei, con altri epitheti, il che farà approposito accadendo trovar di

336 1275 2574 101 simili cose, nele antichita. Le cui parole dunque del quarto libro suonano cosi nelle cose de Scythi et di

334 1371 2592 95 loro leggi, et costumi. Gli suoi Dei sono questi, Vesta principalmente: Iove dapoi: et Tellure mo

322 1479 2612 78 glie di Iove. Adorano anchora Apolline, et la celeste Venere, et Marte et Hercole. Tutti li Scythi han

324 1578 2612 61 no questi Dei. Ma gli Reali sacrificano ancho à Neptuno. Appellano Vesta inla sua lingua, ΛΑΒΙΤΙ, cio è

324 1663 2612 79 fuoco. Iove, ΠΑΠΑΙΟΣ, che viene adire Aere ò cielo, alla Terra cio è Tellure dicono, ΑΠΙΑ, Apolline che

334 1759 2594 83 è il sole appellano, ΟΤΟΣΙΡΟΙ; la celeste Venere cio è la natura generante, ΑΡΤΗΜΠΑΣΑ. à Neptuno

340 1863 2574 77 che è il Mare dicono, ΤΑΓΙΜΑΣΑ. Non fanno simulachri non Templi, e non Altari ad'alcuno di questi Dei

366 1971 2540 75 eccetto à Marte: et tutti i sacrificij loro fanno ad' un modo solo, il quale è questo: Menano la Vittima

370 2073 2536 73 conli piedi davanti legata, il sacrificatore gli sta di dietro, il quale la ferisce nela cima dela testa, e nel cade¬

370 2173 2538 73 re invoca quello Iddio per nome acui fa il sacrificio, et posto che ha posto un laccio alcollo con un Bastone

374 2263 2586 97 la strascina intorno: et come, è strangolata lispoglia la pelle, et quellabestia cuoce, è ponese à mangiare, non

384 2355 2540 91 facendovi piu altre parole, ne ceremonie, ne di fuocone dilibamenti. Ma perche inscitia non sono legne

390 2451 2564 105 ò pure vene sono poco, cuocono la bestia, conle ossa ardendo quelle, per che pria spolpa la carne da quelle, et

360 2573 2620 81 sene serve perlegne, ha vendo posto primieramente la carne in un labete Vaso di Bronzo. i quai labeti sono fat

374 2667 2560 85 ti aguisa di cratere lesbiane, ma sono maggiori, che sono certi granconche. Si che questo è il rito descritto

358 2765 2568 83 da Herodoto Alicarnasseo, lo quale ancho si stende piu oltre di questi costumi: ma sia detto qui abastanza in

376 2869 2560 79 questo proposito dela Artempasa Dea che è la celeste Venere, et il resto si puote vedere presso deli segnali

366 2959 1336 79 del carcasso et l'Arco, et le colombe sotto poste à Venere

598 3521 820 105 ΘΕΑΙ•ΑΡΤ•ΙΜΠΑΣΑΙ

610 3645 812 107 ΤΙ•ΙΟΥΛ•ΠΑΜΦΙΛΟΣ

602 3757 816 105 ΑΠΕΛΕΥΤΕΡΟΣ•ΣΕΒ

792 3893 558 87 ΑΝΕΘΗΚΕΝ

1994 3531 694 95 ΔΙΙ•ΠΑΤΡΙωΙ

2014 3635 658 107 ΚΑΙ ΑΡΤ•ΙΜΠΑΣΑΙ

1992 3731 706 113 Μ•ΟΥΑΛ•ΠΟΛΕΜωΝ•

1980 3833 714 95 ΑΠΕΛΕΥ•ΣΕΒ•ΜΑΡΚ

1978 3924 710 87 ΟΥΛΠ•ΤΡΑΙΑΝ•..........ΣΤ

2066 4016 518 69 ΑΝΕΘΗΚΕΝ
