3800 5255
3094 121 71 50 5

3184 208 94 52 2

438 214 2568 94 RABICHA., ΡΑΒΙΧΑ, è celebrato luogo posto fuori della città di Sparta, il lustrissimo perli ornamenti di

482 298 2496 116 pittura et delle statue che havea in memoria delli fatti degli huomini illustri, posto sul fiume chiamato

488 396 2550 115 Gnation, come scrisse Ephoro presso Epaphrodito, lo quale come dice Plutarcho si chiamava il Rabicha

470 490 2540 127 dal fiume Gnation, et poscia fù detto Ovathe, et dipoi Rabicha. et d'esso fa menzione Aristotele: dove

482 586 2546 143 pria Lycurgo elesse quelli ventiotto Seniori Lacedemonij, accio che tenessero la parte della libertà,

488 692 2542 130 della Republica, per moderare l'appetiti delli giovani, et gli appolazion'che tenivano quelli della parte Rea¬

488 792 2544 120 le del Re, et piegavano alla Tyrannide, il che fece Lycrugo, per riformare nelle leggi la repubblica nel

492 884 2534 129 tempo poco innanzi alla prinia olympiade, quando fu mestiero di rafformare il superbo vicere, et per le

488 986 2542 137 vare il strano uso, che recano le contenszioni, et le repulse della plebe con li nobili contrastandosi con ambi

488 1148 218 75 le parti.

476 1184 2570 151 RABILIANA, fu Villa di Sexto Rabilio Planciano: ch'era nel paese di Bauli, presso del Miseno Promontorio

484 1273 2548 161 dell'opici Campani populi. ove egli oltre alli giardini, et alli Vivari de pesci et d'ostreghe, vi fece portichi,

492 1379 2556 145 et Bagni, secondo mostravano le parole scritte trovate in uno fragmento in esso luogo, con alcune imagini

488 1476 2542 153 di Apolline, et di Hercole, et delle Muse, et di Cerere, con infiniti belli ornamenti di marmi, i quali adino¬

496 1570 2554 157 stri havemo veduti calcificare, et portar via delle imagini in paesi lontani et alieni. Fu di questa fame¬

496 1679 2544 153 glia Rabirio Poeta, che vivea nel tempo di Augusto et d'Ovidio: et quel Rabirio che difese Cicerone

488 1823 688 95 contra di Tito Labieno.
