3800 5255
820 337 2596 102 RHEA, Fonte fu sullago Albano, sotto l'Albano Monte, dove fu edificata Alba Longa de latini da Iulo Ascanio figliuolo

852 417 2552 110 di Aenea: et secondo scrisse Porcilio, fu detto il Fonte da Rhea Silvia Ilia figliuola di Numitore: la quale sendo fatta

852 490 2584 117 per forza sacerdote nelle Vergini Vestali Albane dal traditore di Amulio suo zio, per havere espulso dal stato Numito¬

858 586 2600 97 re, et levatolo di Alba, privo la fanciulla anchora di potere generare, con ordinarla sacerdote della Dea Vesta. et cosi costei

856 667 2558 108 secondo l'usanza uscita dal Tempio ò claustro scese al Fonte, per prendere dell'acqua, ove riposandosi, distesa interra

844 749 2610 118 fu sopraffatta da un'huomo armato creduto che fuste Marte, et dalui fatta gravida, partori Romolo et Remo, che poscia

868 840 2566 121 sendo gittati nei gorghi del Tibere ò Albula fiume, furono allevati et nodriti da Fostolo et da Larentia Lupa: et sen

876 928 2564 120 do poscia grandi gittarono dalla Regia Amulio, et instituirono Re dell'Albani Numitore loro Avo: et incontenente

880 1027 2532 105 dedussero colonia Albana Roma, nelluogo dove tra pastori furono allevati. et cosi per questo nelle cose Romane

854 1126 2570 95 fu essaltata à gran gloria Rhea et fatta Iddea. et fu stimato come Dea apparo à Rhea mogliere di Saturno,

872 1226 2540 73 et figliuola di Caelo et di Terra, che alcuni chiamano Cybele et Tellure che fu madre di Vesta, et di questa scri

880 1310 2564 82 vono Apollodoro et Hesiodo nelle Theogonie. et quando à questa si celebrava presso de Romani, si venereva

876 1406 1238 80 Rhea llia figliuola di Numitore et madre di Romolo.

770 1501 2638 75 RHEBAEI, sono i Rhebasij, detti da Rheba, ò ΡΗΒΑΣ, Regione della Thracia, posta intrale fauce, ò stretto

874 1594 2548 81 del Boshoro Thracio, della quale narra Plinio nel sesto libro al primo capo. dove tragli duoi Bosphori, essa giace

892 1704 2268 66 et perlo mezzo vi corre il fiume Rheba, nella parola senza spiratione: et qui disotto spiratamente.

770 1786 2690 70 RHEBO, et Rheba, ò ΡΗΒΟΣ, et, ΡΕΒΑΣ, è fiume di Rhebaei sopradetto nello Bosphoro Thracio corrente. dove ac¬

886 1876 1588 77 capito Io, figliuola di Inacho sul Bove accavallo, andando in Aegypto

810 1971 2592 78 RHEDONI, Rhedones, ΡΗΔΟΝΕΣ, sono populi della Gallia Lugdunense, come dice Ptolemaeo, et sono detti dal vulgo

882 2070 1050 76 quei di Rens. Come quelli della Britannia.

792 2634 2616 99 RHEGENA, è la istessa ch'è Begenna, citta nell'Arabia deserta, secondo la mette Ptolemaeo. dalla quale dicono,

894 2722 2566 105 Rhegenaeo, et Rhegenense. Come Begennaeo, Begennense, et Begennate: et nelle dittioni si trova per megliore

890 2814 940 81 l'essere scritta Begenna, che Rhegena.

814 3188 2598 111 RHEGEISIA, fù nome di Fonte privato in Roma, dell'acqua Claudia nella Regione della Via Lata, ch'era nella

900 3280 2552 111 casata Rhegeisia, secondo accusavano le parole scritti nella Fistula di piombo. AQVACLAVDIA RHEGEISIA. L•RHEGEISI.

850 3390 2566 89 RHEGIA COLVMNA. et Columnella Rhegia, è Vico et luogo antico gia incapo alla Italia sul fine della Via Appia.

890 3486 2568 98 situato sul Freto Siciliano nella Italia tra li Brutij, nel territorio di Rhegio città opposta incontro Messena, ò Mes¬

902 3586 2502 93 sina, come è detto. piu oltre in Rhegio città. Et alcuni scrivono la Columna Regiense, come il nome del paesano,

890 3688 2512 85 et il cittadino d'essa Rhegio Rhegino, et Rhegina la Donna. come nel latino Rheginus. Rhegina, Rheginum.

882 3791 2532 80 Ora essa colonna Rhegia, ò Columnella fu posta come termine ultimo della Via Appia da Roma à Rhegio, et

894 3895 2566 86 per segno di Victoria: nella destra parte della Via Appia, percio che essa se partiva da Roma et arrivava à Capua¬

900 4000 2540 73 et da Capua faceva due parti: à senistra ne andava à Bonevento et à Brandusio finiva. et da Capua nella

912 4092 2546 85 destra, partiva, per Nola per Sarno, per Salerno, et andava oltre in sino à Rhegio alla colonna. dove

900 4185 2526 91 Hannibale suspirando, nel tempo ch'egli era sforzato partirsi d'Italia afflitto et mesto, si dolea della suo in

892 4291 1488 87 fortunio et della patria, che per l'ultimo refugio lo chiamava.
