3800 5255
3176 54 120 162 56

3004 166 124 152 32

1242 154 314 79 DI ROMA.

448 264 2362 179 Cavandosi molti anni sono nella Regione Terza di Roma intitulata di Iside et Sarapide, nelluogo

508 376 2302 161 del Ludo Magno, posto allato dele Therme Traiane, ove è hora lhorto di Sanpietro in Vincolo. furono.

520 486 2298 153 trovate alcune inscrittioni, con lettere greche, parte dedicate, à Septimio Severo, et à Antonino suo

518 580 2288 167 figliuolo imperadori. et trale quali fu questa dela dedicatione di Demetrio dedicato da Hermodoro

494 686 2320 151 suo figliuolo, et fu portata nella casa di Ioan Curitio, et finalmente, impiamente è stata guasta, perla

522 796 2316 141 mente d'Asino secondo accusa il suo nome proprio, dico di Onophrio patavino, lo quale per che la ma

520 890 2282 151 teria et suggetto dela cosa faceva un contrario nelle cose che havea scritto nell'antichità opero in

494 990 2330 143 modo con un scultoretto che la guastasse, et cosi giace Roma privata di si bella memoria. Il suggetto

506 1094 2330 143 dela cui dedicatione è cosi. Ad Demetrio Pontefice Hermopolitano Alexandrino Pancratiaste Re¬

530 1188 2274 157 riodonica, cio è vincitore di tutti i giuochi del Xysto, lottatore sopra ogni opinione, et gloriosissimo

520 1286 2330 157 di tutto il Xysto, principe di sacerdoti di tutto quanto il Xysto, à vita sua capo del Xysto et sopra de

526 1384 2324 164 libagni di Augusto. Marco Aurelio Asclepiade, il qual fu detto Hermodoro cultore ò Edituo, è curatore

520 1482 2310 156 del Gra Sarapide Alexandrino Hermo politano Pancratiaste Periodonica perpetuo, non amovibile

528 1592 2318 134 come glialtri inrevocabile à vita, suo figliuolo capo di sacerdoti di tutto quanto il Xysto, è principe

528 1688 2314 135 del Xysto et sopra de Bagni di Augusto. Siche questi duoi huomini sendo principi delle cose pancratie

520 1782 2336 141 di giuochi dela lotta, haveano gli honori nel ludo Magno, posto presso i Bagni di Traiano Augusto. Ora

508 1882 2306 143 havendo detto ò mostrato il luogo di tale memoria et dichiarato il suggetto d'essa, non serà altro che bene

520 1984 2302 125 à mostrare piu chiaramente il significato, che vuole significare il giuoco Pancratio, ch'era un guiocho da

526 2086 2284 117 lottare nella Palestra di forma incredibile, percio che niuno di questi ne Demetrio, ne Asclepiade, non furo

506 2184 2348 113 no superati da niuno, neli cinque abbattimenti che si soleano fare nel Xysto. Dovemo dunque intendere sotto

516 2284 2298 113 il nome Pancratiaste periodonica, uno sempre vincitore. Secondo Philostrato et Pausania et Gellio colui il

524 2392 2334 103 quale era appellato Pancratiaste, anchor' che havesse potuto vincere con tutti gli inganni, come con morsi, Gambet

526 2486 2316 107 te, et ciancarole et urti, et prese estravaganti, et false mosse, et con tutto cio si potesse pensare per vincere,

534 2590 2328 103 vinceva conla pura forza et destrezza, onde tanto piu meritava, perlo valore tal nome, collui anco non si unge¬

524 2692 2318 101 va, come glialtri, et che non era stato ne ancho mosso gia non mai, ne preso falsamente per qualsi voglia assalto.

814 3001 982 90 ΔΗΜΗΤΡΙΟΝ ΕΡΜΟΠΟΛΕΙΤΗΝ•

584 3100 1380 88 ΑΛΕΣΑΝΔΡΕΑ ΠΑΝΚΡΑΤΙΑϹΤΙΗΝ ΠΕΡΙΟΔΟΝΕΙΚΗΝ

582 3192 1162 86 ΠΑΛΑΙϹΤΗΝ•ΠΑΡΑΔΟΣΟΝ ΑΛ ΕΙΠΤΟΝ

588 3284 1272 82 ΤΟΝΑΡΧΙΕΡΕΑΤΟΥ ϹΥΜΠΤΑΝΤΟϹ ΣΥϹΤΟΥ

584 3384 1300 78 ΔΙΑΒΙΟΥ ΣΥϹΤΑΡΧΗΝ ΚΑΙ ΕΠΙΒΑΛΑΝΙωΝ

744 3482 680 70 ϹΕΒ•ΤΟΜΠΑΤΕΡΑ•

554 3595 1296 48 Μ•ΑΥΡ•ΑϹΑΛΗΠΙΑΔΗϹ ΟΚΑΙ ΕΡΜΟΔωΡΟϹ

622 3662 1216 50 ΝΕω ΚΟΡΟϹ ΤΟΥ ΜΕΓΑΛΟΥ ϹΑΡΑΠΙΔΟϹ

632 3725 1280 59 ΑΛΕΣΑΝΔΡΕΥϹ ΕΡΜΟΠΟΛΕΙΤΗϹ ΠΑΝΚΡΑ

648 3788 1170 60 ΤΙΑϹ ΤΗϹ ΠΕΡΙΟΔΟΝΕΙΚΗϹ ΑΛΕΙΠΤΟϹ

618 3850 1254 55 ΑϹΥΝΕΣ ωϹΤΟϹ ΑΝΕΚΚΛΗΤΟϹ ΣΥϹΤΑΡ

688 3910 1000 48 ΧΗϹ ΔΙΑΒΙΟΥ ΟΥ ΙΟϹ

556 3952 1276 48 Ο ΑΡΧΙΕΡΕΥϹ ΤΟΥ ϹΥωΜΑΝΤΟϹ ΣΥϹΤΟΥ ΔΙΑΒΙΟΥ

552 3990 1320 48 ΣΥϹΤΑΡΧΗϹ ΚΑΙ ΕΠΙΒΑΛΛΝΙωΝ ϹΕΒΑϹΤ•ΤΟΜΠΑΤΕΡΑ•

2088 3078 660 81 ΔΗΜΗΤΡΙΟϹ

2092 3274 624 73 ΑΡΧΙΕΡΕΥϹ

456 4192 1762 83 et di tale forza furono i primi Hercole et Milone crotoniata sopra aglialtri.
