3800 5255
3236 61 109 108 71

3201 146 111 104 80

3080 231 144 157 77

472 542 2315 162 nozze chiaman Talassio. Non mancano gli authori che questo ancor non mettano in confusione

463 677 2303 97 dicendo che quelle donne Troiane stanche di tanti infortuni che havean passati, essendo smontati

476 763 670 77 interra i mariti, et le donne,

1126 744 104 58 loro

1146 749 1648 90 si consigliorono di non voler piu seguire il Mare, postesi sula riva del

498 839 2303 93 Tevere arseno le navi, et i mariti per tal danno portavan odio ale sue donne onde essendo un'

487 914 2321 128 giovene chiamato Talasso per virtu del quale si pacificorono. Sempre nelle congniuntioni et concor

477 984 2359 141 die chi si facevano tra maschi et femine sempre si cantò il suo nome. Donato sopra gli adel¬

486 1068 2306 128 phi di Terentio dice, che Hymeneo secondo alcuni fù figliuolo di Venere et di Bacco (cosa

493 1171 2265 93 intutto contraria à Catullo) il quale fu il primo, che ordinò le certe nozze, et per questo si,

505 1211 2246 134 canta il suo nome et lo dasi,cio è nolle nozze Verginali, alcuni altri dicano, che fù un

495 1297 2263 144 valente huomo, Atheniese il quale restitui le Vergini, ala sua patria quale erano state rubati

503 1409 731 110 da latroni con la morte loro.

1142 1391 357 66 come disopra è detto,

1206 1393 1625 98 Alc... dicano per che Hymin è una certa pellicula dove con¬

506 1461 2330 147 siste la Verginità qual si straccia nel primo assalto, fu detto Hymeneo che quasi vol dire Hym¬

505 1553 2289 125 no, qual si cantava nelle nozze Verginali adunque cosi pigliarai nele nozze Hymeneo,

503 1646 1668 104 come nelle essequie de morti Thremis, et nolle cose sacre Hymno.

478 1712 2315 114 L'anticho costume di Romani, di cigere et de scioglere la cintura dal marito alla nova moglie. Festo dice

504 1807 2262 109 inquesta sentenza solevasi la nova maritata pria cingere d'una cintura fatta di lana pecorina, qual'

495 1882 2300 110 poi il marito la prima notte le sciogleva, accio che come ella ridotta ingiomero si venga in sieme tutta

504 1961 2292 115 a congiongere. cosi il suo marito, seco cinto, et legato stesse. Cotal cingulo ligato corun nodo detto da Her¬

506 2061 2289 91 cole, Herculaneo se disscioglieva dal marito per farsi buono augurio, accio egli cosi fusse felice in generare

515 2142 2276 98 figliuoli come fu Hercole, il qual' settanta figli lascio. Appresso dicono che à Iunone Cinxia era de¬

506 2205 2268 115 dicato quel Tempo appunto dele nozze, quando nel coniuger deli sposi si faceva tal scioglimento dela

502 2293 2283 112 cintura, de cui la nova sposa era stata centa. Come s'è detto per li versi di Catullo. et Homero nella

515 2403 2268 88 Odyssea nel'libro undecimo, dove racconta come Nettuno svirginò Tyro, che del bellissimo fiume Enipeo

510 2476 2242 103 era innamorata, ma pria Neptuno se congingesse, si mutò in la forma di esso fiumi Enipeo fece con

518 2548 1360 112 Tyro il fatto suo, havendo prima fatto un certo concavo ove entro

1858 2528 50 50 et

1878 2544 926 105 con Tyro giacque, li versi di homero dove

516 2638 563 107 si racconta questa festa

1071 2617 1770 111 ΣΗ, ΤΥΡΩ. ΠΟΤΑΜΟΥ. ΗΡΑΣΣΑΤ ΕΝΙΠΗΟΣ. ΘΕΙΟΙΟ, ΟΣ ΠΟΛΥ ΚΑΛ¬

525 2706 2254 106 ΛΙΣΤΟΣ. ΠΟΤΑΜΩΝ. ΕΠΙ. ΓΑΙΑΝ ΙΗΣΙ. ΚΑΙΡ, ΕΠΕΝΙΠΗΟΣ. ΠΩΛΕΣΚΕΤΟ, ΚΑΛΑ... ΡΕΕΘPΑ

534 2791 2286 104 ΤΩ. ΔΑΡΑ. ΕΙΣΑΜΕΝΟΣ. ΓΑΙΗΣΧΟΣ. ΕΝΝΟΣΙΓΑΙΟΣ. ΕΝ ΠΡΟΧΟΗΣ. ΠΟΤΑΜΟΥ. ΠΑΡΕΛΕΣΑ¬

517 2864 2277 98 ΤΟ, ΕΝΝΟΣΙ ΓΑΙΟΣ, ΠΟΡΦΥΡΕΟΝ ΔΑΡΑ ΧΕΙΜΑ. ΠΕΡΙΣΤΑΘΗ. ΟΥΡΕΙ. ΙΣΟΝ / ΚΥΡΤΟ¬

529 2939 2275 102 ΘΕΝ. ΚΡΥΨΕΝΤΕ. ΘΕΟΝ, ΘΝΗΤΗΝΤΕ ΓΥΝΕΙΚΑ ΛΥΣΕ ΔΕ ΠΑΡΘΕ ΝΙΗΝ. ΖΩΝΗΝ, ΚΑΤΑ

532 3028 600 87 ΔΥΠΝΟΝ, ΕΧΕΥΕΝ.

1102 3030 1724 92 Sin qui il poeta. dove il suo chiosatore isponendo ΛΥΣΕ ΠΑΡΘΕΝΙΝΝ, ΖΩΝΗΝ

527 3099 2274 114 dice ΑΝΤΙ ΤΟΥ ΔΙΕΠΑΡΘΕΝΕΥΣΕΝ, cio è egli la svergino et questo significa presso di Latini scio¬

524 3160 2306 135 gler la cintura. Ma dicano gli altri presso di greci, che subito che la donna sta per parturire, sciolgan

517 3245 2292 108 la cintura, et che si cava dalli chiosatori di Apollonio, Era per anticho costume tra Romani nel pi¬

531 3328 2271 110 gliar moglie come scrivi Festo, Tanto le spose come quelle che erano per maritarsi di sacrificare alle ca¬

540 3373 2260 124 mene cio è alle Muse, et nel pigliar la moglie si soleva il capo dela sposa ornare in luogo del discer

548 3451 2244 131 niculo ò scriminale cor una hasta detta celibare, la qual fusse stata sopra un Gladiatore morto,

530 3549 2247 109 et la cagion'dicio era, che come quella hasta era stata posta sopra del corpo del gladiatore, cosi essa

515 3616 2310 118 fusse col suo marito. fu ò ver per che le spose sono in tutela de Giunon detta Cureti, che cosi è chiamata

536 3679 2287 138 dal portar del'hasta che curis in lengua sabina se diceva. Over per che farsi augurio à generavo valen¬

523 3759 2317 144 ti huomini, ò ver per che la Donna per il matrimonio divien sugetta al marito concio sia che l'hasta

529 3829 2275 153 è la somma dell'arme et del' Jmperio. Onde anche per questo gli valenti huomini per la prodezza loro

536 3917 2248 114 eran spessi ornati di cotal duono dai suoi Capitani, et i pregion vengo sotto quella, et per questo

533 4008 2335 97 da i Greci i pregion nella guerra son chiamati ΔΟΡΥΑΛΩΤΟΙ cio è presi con lhasta, et ΔΟΡΥΚΤΗ¬

539 4075 2250 90 ΤΟΙ che vol dire collhasta venti, et condotti in possesione dei vincitori. Di questo costume Ovidio

546 4157 2234 101 fa mentione ne fasti cosi al secondo. NEC•TIBI•QVAE•CVPIDAE•MATVRA•VIDEBERE•MATRI,

540 4242 2274 120 COMAT•VIRGINEAS•HASTA•RECVRVA•COMAS, ove si comanda che nelle feste de matrimonij in fe¬
