3800 5255
928 363 2458 126 che Herodoto, et Apollodoro: mettono l'edificatione di phoinici di Carthagine molto prima, et sono auttori

924 454 2474 127 antichi à Virgilio: onde non confrontandosi con esso poeta conviene, che egli habbi voluto ornare il suo poe

928 543 2460 132 ma, piutosto che dire come la stava. Ma che Roma fusse finalmente da Romolo et Remo edificata

922 633 2462 128 niuno il niega: et sebene si contradicono: et li piu di loro vengono, al medesimo: come sibene confron

934 711 2458 153 tano insieme tutti questi. Trogo Pompeio, Livio, et l'altri scrittori latini: et vengono accertare, che

920 800 2492 163 Romolo et Remo l'edificasse: discesi dala stirpa deli Re Albani. Onde Lucio Cincio, che loro allegano

934 902 2480 177 dell'ordine senatorio, scrisse, che essa edificatione fu nel quarto della undecima olympiade, et non nel

920 1000 2502 182 primo della settima. Et Quinesto Fabio; disse nel primo dell'ottava, Porcio Catone non distinse

924 1111 2466 161 il tempo all'uso greco delle olympiadi: ma molto diligentemente narra et affermando essere stata

920 1221 2490 143 l'edificatione ultima doppo la presa di Ilio quattrocento trenta duoi. anni. il cui tempo misura

932 1321 2450 131 to con la discrittione di Eratosthene, cade sotto all'anno primo delasettima olympiade. Polybio,

932 1433 2454 129 Megalopolitano dice nel secondo anno di essa settima olympiade, et il medesimo dice Pamphilo

934 1563 2470 87 Cesariense nella chromia, come afferma Catone, in che condescende il sudetto Dionysio Alicarnasseo.

922 1659 2518 83 Per cio che Romolo come dicono dall'anno primo della detta olympiade, insino che egli si parti trali viventi.

936 1755 2500 69 passarono trentasette anni d'imperio: et uno anno di interregno. fucreato Numa Re successore, che regnò

952 1838 2486 86 quaranta sette anni. Doppo Numa Tullo Hostilio tenne la signoria anni trentaduoi. A cui Anco Mar¬

952 1940 2496 72 tio succeduto regno ventiquattro anni, di poi Tarquinio Prisco anni quaranta quattro. A cui suc

934 2035 2506 69 cedendo Servio Tullio sendo ammazzato et postosi inluogo suo Tarquinio Superbo Tyranno et stet

952 2121 2484 77 tero per vinticinque anni inquesto governo. et sendo cacciato Tarquinio. i Re durarono sinqui du

942 2233 2498 71 cento quarantaquattro anni, che importano sessanta olympiadi. tal che Romolo prese lo imperio in

934 2339 2518 71 detto tempo nel primo della settima olympiade. Regnando in Athene Charopo nel primo anno del

936 2441 1658 73 suo decennio. et di questo tempo niuno è delli scrittori greci et latini

2582 2404 41 50 e

2594 2447 866 77 chelnegano. Et vogliono che in Alba

928 2541 2478 73 Longa Romolo rimettesse in stato Numitore havendo gittato dalla Regia Amulio perseguitore del suo

952 2637 2514 77 perentato. Et poscia che Amulio à se tirato havea il Regno dell'Albani tolto via la parte di Numitore

938 2739 2522 75 sene stava senza pensiero et sicuro nel suo inleggitimo stato. tenendosi sadisfatto dihavere tolto gli honori

940 2838 2494 74 et la potesta à Numitore suo fratello. et per queste cose ingiuste che fece fu fatto à tutti odioso, et non te

930 2932 2542 74 meva alcuna punitione che potesse venire à vendicare le sue sceleratezze: havendo posto ogni vigore

948 3015 2502 102 di Numitore lontan'del suo stato. Et oltre all'altre cose atrocimente fatte fece questo. Un figliuolo di Nu

930 3117 2522 99 mitore chiamato Egesto, allhora di prima barba uccise nella caccia in un'luogo oscuro pieno di sivestri

932 3215 2498 91 sterpi, dando nome esser quel misero da ladroni stato ammazzato. La qual cosa saputa da Numitore

946 3307 2518 95 suo padre la dissimulò, aspettando meglior'occasione di vendicarsi. Amulio dipoi fece sacerdotessa di Vesta

930 3412 2522 93 Rhea Silvia altramente detta Ilia figliuola di Numitore et sorella d'Egesto, accio che non piu si ma

950 3520 2490 65 ritasse, e non procreasse figliuoli, che potessero far vendetta del suo sangue: per cio che secondo le sa

944 3609 2482 81 cre leggi trenta anni conveniva stare nel sacro luogho dela Dea Vesta, et poscia poteva maritarsi.

950 3713 2506 75 et con questo modo, come se volesse honorare la fanciulla. Numitore ad dunque sendo privo del sta

958 3815 2510 67 to et di figliuoli dimorava con gran piacenza. Ma Rhea Silvia, nel quarto anno doppo l'ordine del sacer

954 3907 2490 75 dotio, andata nella selva di Marte, per portarne dell'acqua dal fonte perla cerimonia del sacri

952 4009 2536 77 ficio, fu da uno fuor'del Tempio sforzata, et fustimato, che fusse stato uno degli amanti della fanciulla:

938 4105 2544 77 et alcuni credettero, che fusse stato esso Numitore, non piu per cavarsi la voglia di lebidine, che perfar

942 4211 2522 75 creare de figliuoli al dispetto d'Amulio. Altri dicono che fu Amulio nontanto per violar quella come

954 4309 2534 83 per corla in fallo, et farla morire perlo stupendo peccato punirla come si punivano le Vergini Vestali.
