3800 5255
890 383 2716 98 RIPAEA, ò vero, ΡΙΠΑΙΑ, è nome di Monte habitato nelli Hyperborei popoli. donde gli habitatori si dicono Ripaei.

914 475 2652 92 et Ripeo, et Ripaensi, et Ripense. Secondo il Grammatico delle citta. da essa Ripaea. aduce, ΡΙΠΑΙΟΣ, et an

908 572 1370 85 co, ΡΙΠΑΙΕΥΣ, il che cavo da Artemidoro, et nonlo nomina.

890 1109 2616 91 RIPE, ò veramente, ΡΙΠΗ, è città dell'Arcadi, digente Arcadice. secondo disse il scepsio: et da essa chiamo il

908 1205 2648 79 cittadino con grave suono, ΡΙΠΑΙΟΣ, il che anchora dice Stephano, con questa sentenza. ΡΙΠΗ, ΑΡΚΑΔΙΚΗ ΠΟ¬

898 1307 1308 83 ΛΙΣ, ΒΑΡΥΤΟΝΩΣ, ΤΟ ΕΘΝΙΚΟΝ, ΡΙΠΑΙΟΣ ΟΜΟΙΩΣ.

874 1745 2658 136 RIPEPORA, è antica citta, ò vogliamo dire oppido della Hyspania, nelli Cordubesi, et si dicono Ripepori Faede

890 1853 2612 116 rati, col popolo Romano. Onde Plinio, dice RIPEPORA FAEDERATORVM, nellibro terzo al capo primo nelle

878 1964 2638 95 cose dell'Europa, et li fa finitimi alli Sacili Martiali habitatori di Onoba. et secondo scrisse Hecataeo, fù

882 2058 1296 95 un tempo habitata da Murgi popoli della Baetica.

864 2178 2754 98 RIPHEI. ΡΙΦΕΙΟΙ, sono antichissimi populi dell'Asia nella Paphlagonia. per cio che dice Iosopho nel primo dell'antichi¬

902 2272 2480 96 ta, ch essi Riphei furono detti da Riphat figliuolo di Achenaz, nepotedi Iaphet, et detti dipo paphlagoni.

858 2499 2676 103 RIPHAEI, sono Monti, che alcuni scrivono per spiratione Rhipaei. che i greci dicono, ΡΙΠΑΙΑ, ΟΡΗ, per

870 2613 2676 102 .Π. altri per .Φ. ΡΙΦΑΙΑ, posti nella parte settentrionale della Scythia. de quali fa menzione plinio in molti

878 2709 2644 94 luoghi. et particolarmente nellibro quarto al capo duodecimo. et li scrive come, molti greci li scrissero senza

872 2808 2646 100 spiratione nella prima Syllaba, facendoli venire ΑΠΟ, ΑΙ ΡΙΠΑΔΟΣ. dal fiato vehementissimo del vento che

874 2911 2686 89 ricevono della Borea, et li latini scrivono per fare differenza dalli Rhiphaei Monti d'Arcadia, che si dicono con

872 3007 2652 76 aspiratione, da questi settentrionali, come dice Servio Honorato grammatico, donde forma RHIPHAEVS, alla

858 3091 2682 78 greca, ΡΙΦΑΙΟΣ, come Virgilio nel terzo della Georgica recita. GENS EFERAENA VIRVM RIPHAEO TVNDI¬

866 3183 2646 75 TVR EVRO. Rhiphaeo, ò vero RHIPHAEVS, è nome di uno de cinthauri sepolto in esse Monte dell'Arcadia,

876 3283 2648 85 secondo Callysthene. Lo quale come piace ad Ovidio fù figliuolo di Ixione et di Nube. nominandolo nel¬

888 3380 2644 89 libro duodecimo delle trasformationi. Et Rhiphaeo fù anchora Troiano celebre in causa di gustitia di cui parla

886 3466 840 89 Virgilio nel secondo dell'Aeneide.

830 3608 2688 116 RIPHEAMA, è nome di oppido, ò vero città nell'Arabi Amathei, et Cenessiri, come disse Artemidoro.

886 3726 2628 78 et parimenti Plinio. et dice che esse nome suona Hordeum, che noi dicemo, orzo. i cittadini dicono Riphea

894 3817 172 79 mani.
