3800 5255
786 467 2684 72 RAURACI, ΡΑΥΡΑΚΟΙ, sono Populi della Gallia Belgica, secondo dice Plinio, nel libro quarto, al capo decimo settimo

842 561 2648 73 de quali è detto in Rauraco Città. i quali anticamente si mostrarono arditi et animosi nella guerra. perloro difesa

858 646 1458 73 combattendo, contra Romani: et sono detti anchora Galli Comati.

816 1190 2692 100 RAURACO, Rauraca, Rauracum, è città della Gallia Comata, nella parte di Rauraci populi sudetti, che alcuni Raurici

832 1272 2676 106 gli scrivono senza l'ultima .A., ΡΑΥΡΙΚΟΙ, che sono nationi Galliche bellicose. alli confini di sequari, et dell'Heluetij

840 1365 2644 106 la cui città per essere stata dedutta colonia de cavaglieri Romani, Plinio nellibro quarto alcapo decimo la

840 1452 2688 117 chiama Rauraco Equestre colonia: et da essa sono appellati i Rauracensi Equestri. et sidice Rauraca colonia

848 1549 2676 119 et Rauriaci le cose d'essa Rauracum sottoposte. Come le dicono i greci ΡΑΥΡΑΚΩΝ, et ΡΑΥΡΙΑΚΟΙ. et nel singulare

840 1639 2712 115 ΡΑΥΡΑΚΕΥΣ. et si dicono Rauracensium, et Rauracense nel singulare et nel numero del più, et singularmente an¬

844 1730 1900 116 cora Rauraceno, et si possono dire, Rauraci et Rauraceini, nell'uso populare.

840 3253 2552 128 RAXIMAGABI, ò Raximagabis, è voce vulgare, presa perlo nome del Porto dell'Africa, che gli Antichi

904 3387 510 78 chiamavano Sabatra.

808 3649 2628 112 REATINI, Reatineis, sono Populi d'Italia, di Reate città de sabini, posti nel mezzo d'Italia in una bella vista

908 3763 2512 92 d'uno generoso paese, per onde irriga il Velino fiume. Chiamansi hoggidì Rietini dal nome corrotto della

902 3876 2552 69 citta che invece di Reate dicono Rieti. Posta quarantamiglia discosto da Roma, nella Via Quinctia Traia¬

912 3952 2418 79 na. di cui Plinio fa menzione, nel libro terzo al capo duadecimo, ove accusa essere i suoi populi molti.

896 4036 2566 78 REATINO, Reatinus è nome del Territorio di Reate posto attorno ad'essa città, Ubellico d'Italia come dice Var

940 4110 2528 85 rone, et etian Solino. et Cicerone chiama esso Territorio Tempea Reatina, dalla varieta delli piani et delli

930 4192 2556 83 colli, et delle Montagne et delli castelli che si vedono attorno et perlo mezzo, con bella et degna coltura, con

950 4276 2552 86 uno piacevole Fiume detto Velino, che fa officio inquesto Reatino quale fà peneo nella Tempe di Thessaglia.

942 4356 2500 92 che va variando et circondanno i luoghi varij et Amenissime, ove Varrone hebbe una delle sue Ville.
