3800 5255
926 436 2624 95 REIMS, è citta nella Francia, ò vogliamo dire della Gallia principale di campagna, che gli antichi chiama¬

978 526 2516 80 vano Duro cottoro, et Duricortora, de populi Rhemiori. nella quale i Re della Francia si ungono del'

964 595 306 82 sacro Oleo.

930 1101 2294 94 RENES, è città nella Britannia nella Francia edificata da Brittanici Rhodoni, ò Rholones.

954 1283 2576 92 RERONE, è fiume nella Marca Trivisana, che gia si chiamava dall'antichi Eretino, ò Eretinus fluivius.

972 1552 2556 92 RETIMO, è porto nell'Isola di Crete, che si diceva dall'antichi Rhytimno, dalla città Rhytimna, ò pure

996 1660 328 78 Rhetymnia.

968 1923 1686 96 REGNO detto hora di Murcia, si deceva della Regione Turdetania.

982 2077 2092 120 REGNO, di Toledo, cosi detto dal vulgo, fu dall'antichi nominato della Carpetania.

984 2291 1906 92 REGNO, di Tunisi, fu detto di Tunetani nell'Africa minore, ò in Numidia.

968 3179 2648 100 RESAPHA, et RESA, è città nella Palmyrene Regione della Syria, secondo Ptolemaeo, da cui Resaphaeo,

1012 3284 414 71 et Resaphanite.

992 3824 2536 113 RESALA, et ΡΕΣΑΛΑ, è citta nell'Umbria, molto antica, nominata da Hecataeo, ΡΑΣΑΛΗ, ΠΟΛΙΣ. ΟΜ¬

1030 3918 2500 109 ΒΡΙΚΩΝ, et da questa Stephano dice Resaleno, ò, ΡΕΣΑΛΗΝΟΣ, et ΡΕΣΑΛΕΙΤΟΙ. quelli della Regio¬

1046 4050 392 68 ne della città

998 4108 2456 105 RESINA fu città di Picenti Campani sullitto del seno Cratere, poco sliscosto à Portici città. et

1038 4210 2442 99 Resina anchora è Vico, ò città d'Aegina sul fiume Hebro, overo, ΑΒΟΡΟΝ, ΠΟΤΑΜΟΝ, donde

1038 4310 2496 89 dovemo dire Resinate, ò, ΡΕΣΙΝΑΤΗΕ, come da Terina Terinati et Terinei, cosi anchora Resi¬

1040 4396 2474 111 nei, ò Resinaei, et ΡΕΣΙΝΑΙΟΣ. et scrivesi senza spiratione, al contrario di quelli che scrivo

1032 4512 2204 85 no la citta Rhesina, come è detto piu oltre nell'altro uso che alcuni la scrivono. ⁓

1004 4611 1816 63 RESI, sono stati populi latini, secondo Strabone proprio dove è Roma.

992 4680 2530 95 RESISTO, Resistos, nel greco et latino, è citta della Propontide nel chersoneso, come dice Plinio nellibro

1056 4742 152 65 quarto

1006 4817 2522 79 RETIGONIO, Retigonium, Retigonia, è città nella Britannia Isola, secondo scrive Ptolemaeo. da cui Reti

1038 4901 1606 59 gonio il seno, et Retigonensio l'huomo della città, altri Retigonense.
