3800 5255
3010 237 100 65 22

3199 263 91 50 19

1272 275 164 70 DI RAVENNA

412 383 2620 110 Le dure et aspre sventure della lunga strage fatta alla nobiltà delle cose antiche, gia poste sotter

462 465 2556 138 ra, et da noi sconosciute come si puote, in uno perpetuo esilio cercandole disotto al freddo cenere

448 539 2546 136 ogni hor vegiano, la cecità fatta alle cose, che l'animi feroci non sene attristano. Duro scempio

452 629 2448 112 in ogni modo pensando, all'opre alte et sublime quanto siano fatte vile ebasse, che non le fece già l'

434 729 2558 71 ardente Foco delli crudeli barbari, che hanno guaste le lingue et l'opre de generosi gentili. Pertanto hor

438 807 2566 79 noi veggiamo tutta via più poca speranza di mantenere quelle che alle cose morali giovano: ond'io medo¬

448 891 2588 78 glio della poca cura del vile giuditio di quella ignoranza di coloro, che le guastano:onde havemo da ringratiare

436 977 2580 80 quelli che le serbano, anchor che siano in uso vile. Come vedemo hora la memoria antica di questa sepoltura

422 1075 2602 68 portata dentro di Ravenna dalle rovine de Classe, per abeverare cavalli. In cui fù sepulta quella Mindia

424 1161 2558 80 procilla Femina castissima Consorte di Minicio Dionysio. speculatore, lo quale fù soldato della cohorte spe¬

432 1261 2572 72 culatoria. Perciò che nella Classe Romana Fu una cohorte della speculatoria nell'Armata, ch'era la

426 1355 2548 66 scolta et vanguardia. Come si legge nelle cose d'Augusto; che pria dedusse la classe Ravennattia città

430 1439 2526 78 porto et statione et armamentario del populo Romano. Quivi poscia in questo tale sepulchro, si vedono

424 1539 2584 68 due Amori congiungali murir fideli et charitativi, nell'amicitia et nel consortio reciprochi, detti da grechi

430 1633 2568 64 Erote et Anterote. Che rappresentano quelli affetti che giuocano infra duoi congiunti in matrimonio. Ove

424 1713 2578 66 pare che infra diloro scherzano l'uno dallato della Amoroso pudore di procilla,l'altro verso della parte del casto

426 1801 2542 80 connubio di Dionysio. et perle parole greche che vi sono scritte, significano et conli suoi moti di salutare l'uno

432 1889 2570 98 l'altro, allundendo all'Amore ΣΥΝΚΡΙΤΟΣ, passato, et sciolto per morte, onde è fatto Asynkryto; così l'uno salu¬

416 1983 2546 94 tando perla amata et l'altro rispondenno perlo amante. mostrano un certo clamore amorevole, con greche

432 2071 2554 92 voci l'uno dice, ΙΑΝ ΙΑ, ΠΡΟΚΙΛΛΑΙ, come costumano i greci replicando la voce dice, Ian et ia, ch'è la me

418 2167 2564 86 desimo, significatione, chiamando Fiore Fior Procilla, per metaphorica significatione con dare l'epitheto

406 2261 2570 84 di la, alla procilla, che fù Nympha et mutato da Iove infiore Iantino, cio è in Mammola Viola, dela

414 2373 2562 66 quale Herba si nodricò lo mutata dal medesimo Iove in Giovenca. Dall'altro lato l'Altro cupidine

414 2455 2550 84 dice ΤΗΣ ΑΣΥΝΚΡΙΤΟΥ posto per ΑΣΥΓΚΡΙΤΟΥ, ch'è unaltra parola affettuosa congiungale usa

426 2557 2570 78 ta nella Concordia da Herodoto, cosi ΣΥΓΚΡΙΤΟΥ, senza la Α et senza la .Ν. con il .Τ. onde per essere

414 2653 2510 80 nella memoria di procilla conla, Α, ch'è pure privativa, quell'Amore risponde ΤΗΣ, ΑΣΥΝΚΡΙΤΟΥ.

414 2761 2558 66 cio è confessando che già la Florida procilla fù gia pria congionta, ma privata del vivo amore in

422 2865 2516 70 atto, et separata dal bendetto effetto, et secondo il tempo cosi morta conlei nella voluntà fia congionta,

438 2949 2524 98 anchor', che sia quanto alla passata dolcezza: ne rappresenta, la allegria in vita; et il cordoglio in morte

422 3031 2504 110 et cordogliosamente essi amori giocano. Percio che chi veramente s'ama sempre in morte et in vita

430 3145 2542 88 nell'animo se rinverde. Sebene è Forse perturbato ò chiaro, conte chrystallo si fa limpido et Diaphono.

434 3245 2484 100 Come Fa M.Francesco Petrarcha, che inmorte di Madonna Laura il Fonte di cupido fù amaro et di dolcezza

430 3355 2498 92 ricordevole, et con cordogliosissimi accidenti sopravisse con affanni; Vivente ringratiava il tempo et le

408 3467 2516 102 stagioni, del bene ricevuto nel' piacere sotto l'ombra del Verde Lauro, simbulo metaphorico della sua amata

420 3561 2512 104 speranza dell'amoroso fiore ch'adorò con casti accenti accresce quelli laudando et benedicendo quella sua

396 3688 147 52 diva.

553 3700 880 55 Benedetto sia l Giorno e l Mese et l'Anno,

568 3760 848 65 E la stagione, e l tempo, eml hora, e l Punto,

558 3827 790 55 E l bel Paese, e l loco, ov'io fui giunto

568 3887 858 62 Da duo begli occhi, che legato m'hanno:

514 3951 720 68 E benedetto il primo dolce affanno,

582 4020 862 67 Ch'io hebbi ad'esser con Amor congiunto;

578 4080 808 71 E l'arco, e le saette, ond'io fui punto:

562 4138 848 88 E le piaghe, ch'en fin al cor mi vanno.

534 4204 618 68 Benedette le voci tante, ch'io

572 4273 884 63 Chiamando il nome di mia Donna ho sparte;

558 4335 722 73 E i sospiri, e le Lagrime, e l Desio:

538 4406 656 63 E benedette sian tutte le carte,

598 4474 856 51 Cu'io Fama l'acquisto; e l pensier mio,

584 4536 856 66 ch'e sol di lei, si ch'altra non v'hà parte.

1558 3771 234 42 ΙΑΝΤΑ ΠΡΟΧΤΛΛΑΙ

2424 3767 228 64 ΤΗΣ ΑϹΥΧΚΡΙΤΟΥ

1880 3791 418 42 BONAE•MEMORIAE

1850 3839 460 39 CASTISSIMAE•CONIVGI

1898 3884 396 42 MINDIAE•PROCILLAE

1858 3920 500 50 MINVC DIONYSIVS•SPECVLATOR

1974 3971 200 39 MARITVS

1850 4043 484 47 CVMQVA•VIXI•ANNIS•XXII•

1874 4097 448 43 IPSA•AVTEM•VIXIT•ANNIS

2042 4139 192 43 XXXVII•

382 4612 2514 104 cosi dunque, un simile amore induoi effetti et desiderij, si figne l'amorevole giuoco, intra il consortio di Dionysio et di

358 4696 2580 98 Procilla, che nella più verde etate à guisa di fiore sparì, come havenne ad'Io, et à Ianta, per fuggire l'ira di Iunone.
