3800 5255
3042 201 136 61 48

3150 298 126 54 45

1310 257 364 70 DI ROMA.

486 415 2428 74 Adi nostri cavandosi nelle rovine della Via Lavicana, furono scoperti molti epithaphij: ma rovinati et spezza

540 510 2354 72 ti tanto, che non si potevano mettere insieme per essere i pezzi dessordinati da i cavatori, fra quali era anco

534 602 2354 64 rotto questo di Aurelia Vera Maximilla, la qual memoria gli fu fatta da tre suoi liberti, da Caio Aurelio

542 688 2358 67 Moschilo, lo quale è quello col Ventaglio in mano attorno del letto dela padrona, et da Aurelia Aphrodisia et

522 773 2374 68 da Aurelia Tyche, le quali demostrano maciare nella cena Stygera, cio è Mortoria: come era per costume

534 861 2378 74 presso de Greci cenare attorno al corpo morto, et fare quivi lo protaphos Dorpos: che alcuni dicono ΠΕΡΙΔΕΙΠΝΟΣ,

524 951 2380 80 cio è cena fatta attorno al corpo del morto. Altri ΠΡΟΤΑΦΟΥ. La onde ΤΑΦΟΣ dicono i commentatori Grechi,

514 1039 2390 90 che secondo Homero, è quella cena, che facevano nanzi che'l corpo si sepellisse. et questo quei liberti mostrano

534 1135 2374 90 fare attorno la padrona che è sulletto ornata conla corolla, ò ghirlanda dala destra, et dala sinistra tiene il Vaso

534 1239 2368 86 come che essa fusse nella cena scumbendo rappresentata, et tale costume visi dimostra nella scoltura conciosia

522 1337 2358 86 cosa, per che cio ci dimostra Homero, per che deve parla di Patroclo morto, tal cena si fa, dice egli, attorno à

518 1443 2364 70 Patroclo non anchor sepulto, la quale per che si faceva circa la sera, dal poeta è detta ΔΟΡΠΟΣ, come, è

510 1527 2398 74 inquelluogho di esso Homero che dice ΔΟΡΠΗΣΟΜΕΝ ΕΝΘΑ ΔΕ ΠΑΝΤΕΣ, cio è cenaremo qui tutti.

518 1614 2374 89 et quell'altro luogo. ΚΑΙ ΔΟΡΠΟΝ ΕΦΟΠΛΙΣΑΝΤ ΕΚΑΟΤΟΙ, che suona, ciascuno meseno in ordine la

506 1707 2388 96 cena. Il che etiandio Homero in alcun luogho chiama ΔΑΙΤΑ: ma non simplicemente, per che vi aggiunge

510 1795 2382 112 ΣΤΥΓΕΡΑΝ. cio è luttuosa, per che come dicano, vien'da Styge. Siche questa cena era un certo lacrymo

490 1885 2420 132 so convivio, dove nel cenare si pascevano di lachryme quei acui il morto toccava e pretendeva, nell'amor

496 1979 2420 144 del sangue parentale ò dell'amicitia. et massimamente era di mestitia à tutti coloro, che non havevano com

500 2083 2374 146 pagnia consolatoria nella cena come lhanno havuta molti, per che talvolta sendo à una Madre, ò aunpadre

488 2199 2390 140 morti tutti quelli dela casa sua, rimangono pasciuti di lachrime ed ti stenti di desaggi, per esse rimasto

478 2309 1182 94 abbandonati, e senza consolatione alcuna. Come fù

470 2421 1180 92 quella cena ultima di Ecuba Regina, la quale havendo in

490 2521 1192 94 piu volte cenato attorno ai corpi di suoi figliuoli, finalmen

478 2629 1200 92 te sendo arsa Troia et perduto il stato d'Iliensi, et immo

472 2731 1178 84 lato da pyrrho Neoptolemo priamo sula sepultura di Ac¬

474 2827 1168 86 hille, con rabbie canina pianse il corpo del morto ma

478 2929 1168 88 rito, et l'ultima miseria di quaranta figliuoli di essa

478 3035 1162 72 et di Priamo tutti uccisi. La onde Libanio Sophista ri

478 3129 1176 80 trahe lo essempio, che non si debba piangere col' ventreuno

462 3219 1162 76 to il morto corpo, come ne ancho il pianse Hecuba pie

462 3314 1192 71 na dele sue miserie. Di maniera dunque che tale horro

458 3404 1200 69 re et mestitia ci rappresentano le scoltura della intitula

470 3491 1178 76 tione del Funerale et logubre convivio. Ma per che gli an¬

450 3583 1176 72 tichi sui letti scumbendo ordinariamente mangiavano.

462 3675 1208 80 Come segno di riposo et contentezza: quegli i quali non era

438 3763 1208 82 no contenti et haveano ricevuto qualche cosa mesta per

442 3861 1184 92 causa de cari padri et Madri morti, ò pe i vari fratelli

446 3969 1208 82 ò de morti figliuoli, ò d'altri casi dell'amicitie, et con

446 4049 1212 82 sortij, ò per danni di dishonoriricevuti, non scumbeano

454 4135 1210 108 mangiando, ma sedeano, come in commodi. Et li Grecisu

440 4233 1208 100 le pelle dell'animali sedevano interra attorno al mor

454 4333 1188 104 to parente, e al morto capitano s'era huomo suggetto à

442 4421 512 84 le cose dela Guerra. ⁓

2314 2465 30 49 DIIS

2072 2513 382 72 MANIBVS•SACRVM

1960 3175 618 92 AVRELIAE•VERAE•MAXIMIL

2008 3235 570 96 LAE•PIISSIMAE•PATRON

1968 3295 558 90 AE•VIXIT•ANN XXXV•

1934 3365 636 87 C•AVRELIVS•C•L•MOSCHILVS

2140 3437 302 57 LIBERTVS•FID

2240 3498 184 38 FAC•CVR

1934 3500 618 80 CVM•AVRELIA•APHRODISIA•

1914 3556 604 66 ET•AVRELIA•TYCHE LIBERT
