3800 5255
924 317 2519 140 FONTINALIA, era la Festa nella quale si sacrificava, al Nume ò Genio de Fonti et alle Nymphe

951 461 2499 94 et lymphe dell'acque et alli Fiumi. La qual festa Varrone chiama FOΝΤΑΝΑLIΑ, per .A. à

970 519 2498 124 Fontana. et non solo honoravano i fonti ottimi da bere: mali Minerali et calidi, et per insino all'

974 616 2489 128 acque che chiamarono Stygie di strano sapore: della qual cosa ne havemo veduto memorie et

964 698 2483 117 nelli Monumenti et altri luoghi. et perla divotione degli iddij Manes chiamati constituivano

981 799 2468 126 i sepulchri presso i Monumenti, alcuni li intitularono del padre Dite, altri Cyanei, da Giane

955 884 2505 121 Nympha et fonte di Sicilia che riceve la cintura di Prosergina rapita da plutone et condotta

967 1003 2489 99 nelle parti inferne, secondo la favola, a cui sacrificavano gli Amanti per placare le furie

958 1085 2483 122 et farle quiete negli amori: Veneravano Acheronte Fiume, perlo amore di Mintha, che

949 1176 2498 121 fece gran furori nell'inferno per causa di Persephone et Hecate. Questa Mintha, ò comela

966 1273 2480 120 scrivono i greci, ΜΙΝΘΗ, secondo i poeti fù figliuola di Cocyto fiume infernale, et veduto

966 1370 2493 126 che plutone havea rapita Proserpina faceva di strani muovimenti, Fu trasformata in herba

966 1465 2455 121 del suo nome, et questa si come i greci dicevano ΜΙΝΘΗ dal suave odore che pria havea

977 1565 2490 110 la dinominarono HΔΥΟΣΜΟΣ, et i latini mutando la .I. in E l'appellarono MENTHA, la cui favola

966 1667 2474 113 tocca Ovidio nel decimo della Metamorphose dicendo ANTIBI QVONDAM/ FOEMINEOS ARTVS

965 1734 2474 144 INOLENTES VERTERE MENTHAS/ PERSEPHONE LICVIT. La allegoria di costei mutata in Her

964 1830 2484 137 ba nel tempo che proserpina è rapita nella primavera ci dimostra la sua pululatione, et na

955 1927 2496 107 scimento, poscia nel tempo auttinnale si asconde sottoterra, quando si mangiano le pome

964 2025 2471 128 puniche, ò vogliamo dire Granate, nel cui tempo la Terra perde ognifiore et Prosepina fù

965 2119 2489 113 condamata à stare sotto con plutone, che è tanto come per significato deli semi che interra

950 2201 2508 120 si mettono, che poi alla primavera fioriscono. Pertanto gli amanti per timore honoravano Cocyto

957 2282 2489 167 ò, ΚΩΚΥΤΟΣ, Fiume infernale che deriva dala Stygia palude, detto ΑΠΟ ΤΟΥ ΚΩΚΥΕΙΝ, dal genere

960 2412 2487 126 et lamentare: di cui parla Virgilio nel sesto dell'Aeneide. COCYTI STAGNA ALTA VIDES, STYGIA¬

952 2515 2459 121 MQVE ΡΑLVDEM: et Claudiano nel ratto di Proserpina nel secondo libro _ PRESSO LACRYMA¬

951 2597 2464 144 RVM FONTE RESEDIT/ COCYTVS, TACITIS ACHERON OBMVTVIT VNDIS. Da questo sacrificio

957 2682 2477 159 di cocyto fu detta, Cocytia, come ancho dicano greci ΚΩΚΥΤΙΑ, la sacra festa, del cocito Fonte la quale

957 2797 2468 157 facevano ad'honore di Proserpina, che rapi Plutone, et da Cocyto la nomina Porphyrio: dela qual

953 2896 2492 112 ancho Hartione fa menzione in Epodoro: INVLTVS VT TVRISERIS COCYTIA. Veneravano il Fon

957 2979 2471 170 te Aegerio, il loturno, et l'Arethusio. L'Aegerio perlo amore di Aegeria che perlo amore di Numa

959 3100 2445 132 pompilio si cangio in Fonte, loturna sorella di Turno per l'amor di Fauno, Arethusa, per causa

956 3205 2453 143 dell'amore di Alpheo, peneo perlo amore di Apolline et Daphne, come gli Daphnipoliti, gli Ephe

947 3312 2440 115 sij, i cyrenei perlo amore di Cyrene et di Apolline, il Fonte di Byolide perlo amor di Byblis

951 3403 2466 131 et di Cauno. il Landone perlo amore di Syringa et di Pan. Gli Ephesij perla castita di Diana I'Ephe

968 3504 2467 152 sio Fonte: acui sacrificavano le spose et ne trahevano i buoni augurij, come dice Tatio Alexan

952 3594 2484 171 drino nell'amor di Leucippe et di Clitophonte. Cosi etiandio, il Fonte di Venere in molte citta

940 3708 2483 141 finte, il Fonte di cupidine in Athene et in Roma, il Fonte dela Fortuna in Preneste, in Roma

960 3784 2428 182 il Ginimedeo fatto a memoria di Ganymede figliuolo di Troilo, formosissimo giovane rapito da

958 3902 2454 135 Iove presso il fiume Gallo dela Phrygia, et esso phrygio fiume veneravano perlo amore di Cybele

946 3994 2456 161 et di Attine, et perla favola di Sagaris Nympha amata da Attine. et Veneravano il sagario Fon

951 4091 2451 177 te et fiume detto dala detta Nympha, lo qual fiume è dell'Asia come dicono Strabone et Ptolemeo,

963 4224 2521 147 et scorre perla phrygia nella Bithynia, et sene va al pontico Mare, lo qual Ovidionomina Sagarim.
