<?xml version="1.0" encoding="UTF-8"?>
<alto xmlns:xsi="http://www.w3.org/2001/XMLSchema-instance"
      xmlns="http://www.loc.gov/standards/alto/ns-v4#"
      xmlns:page="http://schema.primaresearch.org/PAGE/gts/pagecontent/2013-07-15"
      xsi:schemaLocation="http://www.loc.gov/standards/alto/ns-v4# https://www.loc.gov/standards/alto/v4/alto.xsd">
   <Description>
      <MeasurementUnit>pixel</MeasurementUnit>
      <sourceImageInformation>
         <fileName>PirroLigorio_Ja_III_3_007a.jpg</fileName>
      </sourceImageInformation>
      <Processing ID="IdOcr">
         <processingDateTime>2024-06-25T19:44:51.88+02:00</processingDateTime>
         <processingSoftware>
            <softwareCreator>READ COOP</softwareCreator>
            <softwareName>Transkribus</softwareName>
         </processingSoftware>
      </Processing>
   </Description>
   <Layout>
      <Page ID="Page1" PHYSICAL_IMG_NR="1" HEIGHT="5255" WIDTH="3800">
         <TopMargin HEIGHT="0" WIDTH="3800" VPOS="0" HPOS="0"/>
         <LeftMargin HEIGHT="5255" WIDTH="0" VPOS="0" HPOS="0"/>
         <RightMargin HEIGHT="5255" WIDTH="0" VPOS="0" HPOS="3800"/>
         <BottomMargin HEIGHT="0" WIDTH="3800" VPOS="5255" HPOS="0"/>
         <PrintSpace HEIGHT="5255" WIDTH="3800" VPOS="0" HPOS="0">
            <TextBlock ID="TextRegion_1643801241824_903"
                       HEIGHT="2652"
                       WIDTH="3174"
                       VPOS="202"
                       HPOS="436">
               <Shape>
                  <Polygon POINTS="469,202 3591,215 3610,2854 436,2854"/>
               </Shape>
               <TextLine ID="r2l1"
                         BASELINE="620,452 1083,450 1200,450 1317,450 1434,450 1551,452 1668,452 1785,454 1902,454 2019,456 2136,456 2253,458 2370,458 2487,460 2604,462 2721,462 2838,464 2955,466 3072,466 3189,468 3306,468"
                         HEIGHT="72"
                         WIDTH="2340"
                         VPOS="414"
                         HPOS="966">
                  <String ID="string_r2l1"
                          HEIGHT="72"
                          WIDTH="2340"
                          VPOS="414"
                          HPOS="966"
                          CONTENT="RHAMNO, Rhamnus, i Greci, ΡΑΜΝΟΥΣ è nome di Popolo dela Tribù Aeantide, come scrivono Pausania"/>
               </TextLine>
               <TextLine ID="r2l2"
                         BASELINE="998,536 1112,536 1226,538 1340,538 1454,539 1569,540 1683,540 1797,542 1911,542 2025,544 2140,544 2254,546 2368,546 2482,548 2596,550 2711,550 2825,552 2939,554 3053,554 3167,556 3282,558"
                         HEIGHT="76"
                         WIDTH="2284"
                         VPOS="500"
                         HPOS="998">
                  <String ID="string_r2l2"
                          HEIGHT="76"
                          WIDTH="2284"
                          VPOS="500"
                          HPOS="998"
                          CONTENT="et Stephano, di donde colui dela Tribù si dice Rhamnusius, et Rhamnusio, et Rhamnusia la"/>
               </TextLine>
               <TextLine ID="r2l3"
                         BASELINE="978,618 1092,620 1207,622 1322,622 1437,624 1552,626 1666,628 1781,630 1896,632 2011,634 2126,636 2240,636 2355,638 2470,640 2585,642 2700,642 2814,644 2929,644 3044,644 3159,644 3274,644"
                         HEIGHT="80"
                         WIDTH="2296"
                         VPOS="582"
                         HPOS="978">
                  <String ID="string_r2l3"
                          HEIGHT="80"
                          WIDTH="2296"
                          VPOS="582"
                          HPOS="978"
                          CONTENT="femina come Rhamnusis, et il nome Topico cio è di colui del luogo ΡΑΜΝΟΥΝΤΟΘΕΝ, et ΡΑΜ¬"/>
               </TextLine>
               <TextLine ID="r2l4"
                         BASELINE="986,700 1101,700 1216,702 1331,702 1446,704 1561,705 1676,708 1791,709 1906,712 2021,714 2136,716 2251,718 2366,721 2481,723 2596,725 2711,727 2826,728 2941,730 3056,730 3171,730 3324,731"
                         HEIGHT="86"
                         WIDTH="2300"
                         VPOS="664"
                         HPOS="986">
                  <String ID="string_r2l4"
                          HEIGHT="86"
                          WIDTH="2300"
                          VPOS="664"
                          HPOS="986"
                          CONTENT="ΝΟΥΝΤΑΔΕ la donna, come ancho ΡΑΜΝΟΥΝΤΙ. È Rhamno dunque Municipio dell'"/>
               </TextLine>
               <TextLine ID="r2l5"
                         BASELINE="986,784 1103,784 1220,784 1337,786 1455,786 1572,790 1689,792 1807,795 1924,798 2041,801 2159,804 2276,808 2393,812 2510,814 2628,817 2745,820 2862,822 2980,823 3097,824 3214,824 3332,824"
                         HEIGHT="94"
                         WIDTH="2346"
                         VPOS="748"
                         HPOS="986">
                  <String ID="string_r2l5"
                          HEIGHT="94"
                          WIDTH="2346"
                          VPOS="748"
                          HPOS="986"
                          CONTENT="Attica, secondo dicono Strabone, et Suida. dove prima Antiphone fiori nell'eloquen"/>
               </TextLine>
               <TextLine ID="r2l6"
                         BASELINE="986,868 1101,868 1217,868 1332,869 1448,870 1563,872 1679,875 1794,878 1910,882 2025,885 2141,888 2256,891 2372,894 2487,898 2603,900 2718,904 2834,905 2949,906 3065,908 3180,908 3296,906"
                         HEIGHT="94"
                         WIDTH="2310"
                         VPOS="832"
                         HPOS="986">
                  <String ID="string_r2l6"
                          HEIGHT="94"
                          WIDTH="2310"
                          VPOS="832"
                          HPOS="986"
                          CONTENT="tia, onde da lui furono detti gli huomini eruditi che nelli proverbij scrissero bel"/>
               </TextLine>
               <TextLine ID="r2l7"
                         BASELINE="968,942 1085,944 1203,946 1321,950 1439,952 1557,956 1674,960 1792,963 1910,967 2028,970 2146,974 2263,977 2381,981 2499,984 2617,987 2735,990 2852,992 2970,994 3088,996 3206,997 3324,998"
                         HEIGHT="110"
                         WIDTH="2356"
                         VPOS="906"
                         HPOS="968">
                  <String ID="string_r2l7"
                          HEIGHT="110"
                          WIDTH="2356"
                          VPOS="906"
                          HPOS="968"
                          CONTENT="le et chiare cose. La onde Rhamnus fu detto lhuomo erudito et dotto. Scrivono alcuni,"/>
               </TextLine>
               <TextLine ID="r2l8"
                         BASELINE="966,1024 1083,1026 1200,1028 1317,1030 1435,1033 1552,1036 1669,1039 1787,1043 1904,1046 2021,1050 2139,1054 2256,1058 2373,1062 2490,1065 2608,1068 2725,1071 2842,1074 2960,1076 3077,1078 3194,1080 3312,1080"
                         HEIGHT="110"
                         WIDTH="2346"
                         VPOS="988"
                         HPOS="966">
                  <String ID="string_r2l8"
                          HEIGHT="110"
                          WIDTH="2346"
                          VPOS="988"
                          HPOS="966"
                          CONTENT="RHAMNVS. per H. per accostarsi all'uso greco ΡΑΜΝΟΠΣ, per li accenti circonflessi ilche"/>
               </TextLine>
               <TextLine ID="r2l9"
                         BASELINE="994,1114 1110,1112 1226,1112 1342,1112 1459,1114 1575,1116 1691,1118 1808,1122 1924,1125 2040,1129 2157,1134 2273,1138 2389,1143 2505,1148 2622,1152 2738,1156 2854,1161 2971,1165 3087,1168 3203,1170 3320,1172"
                         HEIGHT="114"
                         WIDTH="2326"
                         VPOS="1076"
                         HPOS="994">
                  <String ID="string_r2l9"
                          HEIGHT="114"
                          WIDTH="2326"
                          VPOS="1076"
                          HPOS="994"
                          CONTENT="è stato trovato da quei che hanno voluto per via di accenti et di punti destinguere la voce,"/>
               </TextLine>
               <TextLine ID="r2l10"
                         BASELINE="982,1196 1060,1196 1139,1196 1218,1196 1297,1196 1376,1196 1454,1198 1533,1200 1612,1202 1691,1204 1770,1206 1848,1209 1927,1212 2006,1214 2085,1219 2164,1221 2242,1225 2321,1228 2400,1233 2479,1236 2558,1240"
                         HEIGHT="98"
                         WIDTH="1576"
                         VPOS="1160"
                         HPOS="982">
                  <String ID="string_r2l10"
                          HEIGHT="98"
                          WIDTH="1576"
                          VPOS="1160"
                          HPOS="982"
                          CONTENT="non dimeno, non sene trova contezza alcuna nelle antichita."/>
               </TextLine>
               <TextLine ID="r2l11"
                         BASELINE="946,1294 1065,1292 1184,1292 1303,1292 1422,1294 1541,1295 1660,1298 1779,1300 1898,1304 2017,1306 2136,1310 2255,1314 2374,1317 2493,1322 2612,1324 2731,1328 2850,1330 2969,1332 3088,1334 3207,1336 3326,1338"
                         HEIGHT="100"
                         WIDTH="2380"
                         VPOS="1256"
                         HPOS="946">
                  <String ID="string_r2l11"
                          HEIGHT="100"
                          WIDTH="2380"
                          VPOS="1256"
                          HPOS="946"
                          CONTENT="RHAMNOΣ, presso dela scrittura si chiama ogni peccato, et i greci lo dicano come cosa"/>
               </TextLine>
               <TextLine ID="r2l12"
                         BASELINE="966,1372 1083,1370 1200,1370 1317,1370 1434,1370 1551,1372 1668,1374 1785,1378 1902,1381 2019,1384 2136,1390 2253,1394 2370,1398 2487,1402 2604,1408 2721,1411 2838,1416 2955,1419 3072,1422 3189,1424 3306,1428"
                         HEIGHT="88"
                         WIDTH="2340"
                         VPOS="1350"
                         HPOS="966">
                  <String ID="string_r2l12"
                          HEIGHT="88"
                          WIDTH="2340"
                          VPOS="1350"
                          HPOS="966"
                          CONTENT="capace di disastro, invarij casi ricevuti. Da Rhamnus donque, si dice la Fortuna, Rhamnu"/>
               </TextLine>
               <TextLine ID="line_1641548127724_12"
                         BASELINE="956,1462 1075,1460 1194,1458 1314,1458 1433,1460 1553,1460 1672,1462 1791,1466 1911,1468 2030,1472 2150,1476 2269,1480 2388,1484 2508,1488 2534,1488"
                         HEIGHT="61"
                         WIDTH="1578"
                         VPOS="1437"
                         HPOS="956">
                  <String ID="string_line_1641548127724_12"
                          HEIGHT="61"
                          WIDTH="1578"
                          VPOS="1437"
                          HPOS="956"
                          CONTENT="sia, et Nemesis, dove prima fu dedicata in specie di Venere"/>
               </TextLine>
               <TextLine ID="r2l13"
                         BASELINE="2488,1442 2514,1445 2541,1446 2568,1448 2595,1448 2621,1448 2648,1446 2675,1446 2702,1448"
                         HEIGHT="36"
                         WIDTH="214"
                         VPOS="1422"
                         HPOS="2488">
                  <String ID="string_r2l13"
                          HEIGHT="36"
                          WIDTH="214"
                          VPOS="1422"
                          HPOS="2488"
                          CONTENT="et di pallade"/>
               </TextLine>
               <TextLine ID="line_1641548127722_11"
                         BASELINE="2534,1488 2627,1492 2747,1494 2866,1498 2985,1500 3105,1501 3224,1502 3344,1502"
                         HEIGHT="45"
                         WIDTH="810"
                         VPOS="1467"
                         HPOS="2534">
                  <String ID="string_line_1641548127722_11"
                          HEIGHT="45"
                          WIDTH="810"
                          VPOS="1467"
                          HPOS="2534"
                          CONTENT="col ramo et pomi in mano gestare"/>
               </TextLine>
               <TextLine ID="r2l15"
                         BASELINE="952,1542 1071,1546 1191,1550 1310,1554 1430,1557 1549,1561 1669,1564 1788,1568 1908,1570 2027,1573 2147,1576 2266,1578 2386,1581 2505,1584 2625,1586 2744,1588 2864,1590 2983,1592 3103,1594 3222,1596 3342,1596"
                         HEIGHT="108"
                         WIDTH="2390"
                         VPOS="1506"
                         HPOS="952">
                  <String ID="string_r2l15"
                          HEIGHT="108"
                          WIDTH="2390"
                          VPOS="1506"
                          HPOS="952"
                          CONTENT="come piace a Suida. Alcuni dicono, che fù madre di Erecheheo, et à lei fu da esso consecrata per"/>
               </TextLine>
               <TextLine ID="r2l16"
                         BASELINE="934,1636 1054,1640 1174,1645 1295,1649 1415,1652 1536,1655 1656,1658 1776,1661 1897,1664 2017,1666 2138,1668 2258,1668 2378,1670 2499,1672 2619,1674 2740,1674 2860,1676 2980,1678 3101,1678 3221,1680 3342,1682"
                         HEIGHT="100"
                         WIDTH="2408"
                         VPOS="1600"
                         HPOS="934">
                  <String ID="string_r2l16"
                          HEIGHT="100"
                          WIDTH="2408"
                          VPOS="1600"
                          HPOS="934"
                          CONTENT="cio che quivi Regnava. Alcuni interpretano essere la sapientia et giustitia, che dal ciel discende et"/>
               </TextLine>
               <TextLine ID="r2l17"
                         BASELINE="942,1744 1062,1746 1183,1748 1304,1750 1425,1752 1546,1754 1667,1755 1788,1756 1909,1758 2030,1760 2151,1761 2271,1763 2392,1764 2513,1766 2634,1769 2755,1772 2876,1775 2997,1778 3118,1782 3239,1786 3360,1790"
                         HEIGHT="100"
                         WIDTH="2418"
                         VPOS="1708"
                         HPOS="942">
                  <String ID="string_r2l17"
                          HEIGHT="100"
                          WIDTH="2418"
                          VPOS="1708"
                          HPOS="942"
                          CONTENT="castiga tutti gli impij, che sotto colore di Religione fanno male, et contra gli ingrati vendicatri¬"/>
               </TextLine>
               <TextLine ID="r2l18"
                         BASELINE="934,1848 1055,1850 1177,1850 1299,1852 1421,1852 1543,1854 1665,1854 1787,1856 1909,1858 2031,1858 2153,1860 2274,1862 2396,1864 2518,1864 2640,1866 2762,1868 2884,1870 3006,1872 3128,1874 3250,1876 3372,1876"
                         HEIGHT="82"
                         WIDTH="2438"
                         VPOS="1812"
                         HPOS="934">
                  <String ID="string_r2l18"
                          HEIGHT="82"
                          WIDTH="2438"
                          VPOS="1812"
                          HPOS="934"
                          CONTENT="ce; della quale havemo detto assai nel luogo più sù delle Medaglie, ove in più modi la formarono."/>
               </TextLine>
               <TextLine ID="r2l19"
                         BASELINE="934,1938 1054,1936 1174,1936 1294,1936 1414,1936 1534,1938 1654,1940 1774,1942 1894,1944 2014,1947 2135,1950 2255,1953 2375,1956 2495,1958 2615,1960 2735,1962 2855,1964 2975,1966 3095,1966 3215,1966 3336,1966"
                         HEIGHT="84"
                         WIDTH="2402"
                         VPOS="1900"
                         HPOS="934">
                  <String ID="string_r2l19"
                          HEIGHT="84"
                          WIDTH="2402"
                          VPOS="1900"
                          HPOS="934"
                          CONTENT="Fu in questo luogo nel Tempio una imagine tral'altre di essa Dea, opera di Phidia, con questa "/>
               </TextLine>
               <TextLine ID="r2l20"
                         BASELINE="942,2024 1062,2023 1183,2022 1304,2022 1425,2024 1546,2026 1667,2027 1788,2030 1909,2032 2030,2034 2151,2038 2271,2040 2392,2044 2513,2048 2634,2050 2755,2054 2876,2056 2997,2058 3118,2058 3239,2060 3360,2060"
                         HEIGHT="92"
                         WIDTH="2418"
                         VPOS="1986"
                         HPOS="942">
                  <String ID="string_r2l20"
                          HEIGHT="92"
                          WIDTH="2418"
                          VPOS="1986"
                          HPOS="942"
                          CONTENT="intutilatione tutta del marmo pario, et secondo concesso gli fù da Agoracrito Pario amatore suo"/>
               </TextLine>
               <TextLine ID="r2l21"
                         BASELINE="926,2116 1047,2116 1168,2116 1289,2118 1411,2120 1532,2122 1653,2124 1775,2126 1896,2128 2017,2130 2139,2134 2260,2136 2381,2138 2502,2140 2624,2142 2745,2144 2866,2146 2988,2148 3109,2148 3230,2148 3352,2148"
                         HEIGHT="86"
                         WIDTH="2426"
                         VPOS="2080"
                         HPOS="926">
                  <String ID="string_r2l21"
                          HEIGHT="86"
                          WIDTH="2426"
                          VPOS="2080"
                          HPOS="926"
                          CONTENT="formosissimo. QVI ET OLYMPIAI, DIGITO IOVIS INSCRIPSIT, ΑΥΓΑΡΚΗΣ. id'est. di sua sorte con"/>
               </TextLine>
               <TextLine ID="r2l22"
                         BASELINE="924,2202 1044,2204 1165,2208 1286,2210 1407,2212 1528,2214 1649,2216 1770,2218 1891,2220 2012,2222 2133,2224 2253,2226 2374,2228 2495,2230 2616,2232 2737,2232 2858,2234 2979,2236 3100,2238 3221,2240 3342,2240"
                         HEIGHT="92"
                         WIDTH="2418"
                         VPOS="2166"
                         HPOS="924">
                  <String ID="string_r2l22"
                          HEIGHT="92"
                          WIDTH="2418"
                          VPOS="2166"
                          HPOS="924"
                          CONTENT="tento, ò assoluto. Adrasto Re pochissimo fortunato, fù lo primo chele consecrò unaltra imagine"/>
               </TextLine>
               <TextLine ID="r2l23"
                         BASELINE="934,2294 1055,2297 1177,2300 1299,2303 1421,2306 1543,2308 1665,2309 1787,2310 1909,2312 2031,2312 2153,2312 2274,2312 2396,2313 2518,2314 2640,2314 2762,2314 2884,2316 3006,2316 3128,2318 3250,2320 3372,2322"
                         HEIGHT="82"
                         WIDTH="2438"
                         VPOS="2258"
                         HPOS="934">
                  <String ID="string_r2l23"
                          HEIGHT="82"
                          WIDTH="2438"
                          VPOS="2258"
                          HPOS="934"
                          CONTENT="et fece il Tempio à lei et la chiamo Fortuna Adrasteia: c'era informa di Minerva conle ali su¬"/>
               </TextLine>
               <TextLine ID="r2l24"
                         BASELINE="914,2382 1036,2384 1159,2386 1281,2388 1404,2390 1527,2392 1649,2392 1772,2394 1894,2394 2017,2394 2140,2396 2262,2396 2385,2398 2507,2398 2630,2400 2753,2400 2875,2402 2998,2403 3120,2404 3243,2408 3366,2410"
                         HEIGHT="82"
                         WIDTH="2452"
                         VPOS="2346"
                         HPOS="914">
                  <String ID="string_r2l24"
                          HEIGHT="82"
                          WIDTH="2452"
                          VPOS="2346"
                          HPOS="914"
                          CONTENT="gli homeri. Alcuni scrivono Rhamnusia Minerva, altri la Fortuna Rhamnusia, et Venere Rham"/>
               </TextLine>
               <TextLine ID="r2l25"
                         BASELINE="922,2468 1044,2470 1167,2470 1290,2472 1413,2472 1536,2474 1658,2474 1781,2476 1904,2478 2027,2480 2150,2480 2272,2482 2395,2484 2518,2487 2641,2490 2764,2492 2886,2494 3009,2498 3132,2501 3255,2506 3378,2510"
                         HEIGHT="96"
                         WIDTH="2456"
                         VPOS="2432"
                         HPOS="922">
                  <String ID="string_r2l25"
                          HEIGHT="96"
                          WIDTH="2456"
                          VPOS="2432"
                          HPOS="922"
                          CONTENT="nusia, et Rhamnunte la città, et Rhanno, et Rhamnusia la Tribù, presso della quale fù il Fonte dove"/>
               </TextLine>
               <TextLine ID="r2l26"
                         BASELINE="922,2556 1044,2556 1167,2556 1289,2556 1412,2556 1534,2556 1657,2558 1779,2558 1902,2560 2024,2562 2147,2564 2269,2565 2392,2567 2514,2570 2637,2573 2759,2576 2882,2579 3004,2582 3127,2586 3249,2590 3372,2594"
                         HEIGHT="92"
                         WIDTH="2450"
                         VPOS="2520"
                         HPOS="922">
                  <String ID="string_r2l26"
                          HEIGHT="92"
                          WIDTH="2450"
                          VPOS="2520"
                          HPOS="922"
                          CONTENT="Narcysso vedendose la prima volta se innamorò di se istesso, et visi annego dentro et fù mutato in fio¬"/>
               </TextLine>
               <TextLine ID="r2l27"
                         BASELINE="916,2636 1038,2638 1161,2640 1284,2642 1406,2644 1529,2644 1652,2646 1774,2648 1897,2649 2020,2650 2143,2652 2265,2654 2388,2656 2511,2657 2633,2658 2756,2662 2879,2664 3001,2666 3124,2670 3247,2672 3370,2676"
                         HEIGHT="94"
                         WIDTH="2454"
                         VPOS="2600"
                         HPOS="916">
                  <String ID="string_r2l27"
                          HEIGHT="94"
                          WIDTH="2454"
                          VPOS="2600"
                          HPOS="916"
                          CONTENT="re del suo nome: ove anchora Echo fù mutata in Petra che rispondea à Narcysso quando quello chia"/>
               </TextLine>
               <TextLine ID="r2l28"
                         BASELINE="900,2726 1023,2728 1147,2728 1271,2728 1395,2730 1519,2730 1642,2730 1766,2732 1890,2732 2014,2733 2138,2734 2261,2736 2385,2738 2509,2740 2633,2742 2757,2746 2880,2750 3004,2754 3128,2759 3252,2764 3376,2770"
                         HEIGHT="98"
                         WIDTH="2476"
                         VPOS="2690"
                         HPOS="900">
                  <String ID="string_r2l28"
                          HEIGHT="98"
                          WIDTH="2476"
                          VPOS="2690"
                          HPOS="900"
                          CONTENT="mava la falsa effigie che vedea di se istesso. Lo quale Fonte era chiarissimo suo specchio. Onde Ovidio"/>
               </TextLine>
               <TextLine ID="r2l29"
                         BASELINE="912,2812 1025,2812 1139,2814 1253,2814 1367,2816 1481,2816 1595,2818 1709,2818 1823,2820 1937,2820 2051,2822 2164,2822 2278,2824 2392,2824 2506,2824 2620,2826 2734,2826 2848,2827 2962,2828 3076,2828 3190,2828"
                         HEIGHT="70"
                         WIDTH="2278"
                         VPOS="2776"
                         HPOS="912">
                  <String ID="string_r2l29"
                          HEIGHT="70"
                          WIDTH="2278"
                          VPOS="2776"
                          HPOS="912"
                          CONTENT="nel terzo della metamorphose, cosi ne parla nell'amor' del pulcherrimo Narcysso de se amante."/>
               </TextLine>
            </TextBlock>
            <TextBlock ID="TextRegion_1643801256422_908"
                       HEIGHT="870"
                       WIDTH="2183"
                       VPOS="2854"
                       HPOS="1459">
               <Shape>
                  <Polygon POINTS="1459,2860 3613,2854 3642,3724 1459,3664"/>
               </Shape>
               <TextLine ID="r2l30"
                         BASELINE="1496,2902 1559,2906 1622,2910 1685,2912 1749,2914 1812,2916 1875,2916 1939,2916 2002,2916 2065,2916 2129,2916 2192,2916 2255,2914 2318,2914 2382,2914 2445,2914 2508,2914 2572,2916 2635,2916 2698,2918 2762,2922"
                         HEIGHT="74"
                         WIDTH="1266"
                         VPOS="2866"
                         HPOS="1496">
                  <String ID="string_r2l30"
                          HEIGHT="74"
                          WIDTH="1266"
                          VPOS="2866"
                          HPOS="1496"
                          CONTENT="SIC AMET IPSE LICET, SI NON POTIATVR AMATO."/>
               </TextLine>
               <TextLine ID="r2l31"
                         BASELINE="1512,2968 1575,2971 1638,2974 1701,2976 1765,2978 1828,2980 1891,2981 1955,2982 2018,2984 2081,2984 2145,2985 2208,2986 2271,2986 2334,2988 2398,2989 2461,2990 2524,2992 2588,2994 2651,2996 2714,2998 2778,3000"
                         HEIGHT="77"
                         WIDTH="1266"
                         VPOS="2938"
                         HPOS="1512">
                  <String ID="string_r2l31"
                          HEIGHT="77"
                          WIDTH="1266"
                          VPOS="2938"
                          HPOS="1512"
                          CONTENT="DIXERAT, ASSENSAT PRECIBVS RHAMNVSIA IVSTIS."/>
               </TextLine>
               <TextLine ID="r2l32"
                         BASELINE="1548,3030 1606,3034 1665,3038 1723,3042 1782,3044 1840,3046 1899,3048 1957,3048 2016,3050 2074,3050 2133,3050 2191,3052 2250,3052 2308,3052 2367,3052 2425,3052 2484,3054 2542,3054 2601,3056 2659,3058 2718,3060"
                         HEIGHT="75"
                         WIDTH="1170"
                         VPOS="3000"
                         HPOS="1548">
                  <String ID="string_r2l32"
                          HEIGHT="75"
                          WIDTH="1170"
                          VPOS="3000"
                          HPOS="1548"
                          CONTENT="FONS ERAT ILLIMIS NITIDIS ARGENTEVS VNDIS."/>
               </TextLine>
               <TextLine ID="r2l33"
                         BASELINE="1502,3090 1573,3095 1645,3098 1716,3103 1788,3106 1860,3108 1931,3110 2003,3112 2074,3113 2146,3114 2218,3116 2289,3116 2361,3118 2432,3118 2504,3120 2576,3122 2647,3124 2719,3126 2790,3129 2862,3134 2934,3138"
                         HEIGHT="93"
                         WIDTH="1432"
                         VPOS="3060"
                         HPOS="1502">
                  <String ID="string_r2l33"
                          HEIGHT="93"
                          WIDTH="1432"
                          VPOS="3060"
                          HPOS="1502"
                          CONTENT="QVEM NEQVE PASTORES, NEQVE PASTAE MONTE CAPELLAE"/>
               </TextLine>
               <TextLine ID="r2l34"
                         BASELINE="1510,3162 1576,3164 1642,3167 1708,3170 1774,3171 1841,3172 1907,3174 1973,3176 2039,3176 2105,3178 2172,3178 2238,3180 2304,3182 2370,3184 2436,3185 2503,3188 2569,3190 2635,3192 2701,3197 2767,3201 2834,3206"
                         HEIGHT="87"
                         WIDTH="1324"
                         VPOS="3133"
                         HPOS="1510">
                  <String ID="string_r2l34"
                          HEIGHT="87"
                          WIDTH="1324"
                          VPOS="3133"
                          HPOS="1510"
                          CONTENT="CONTIGERANT, ALIVD VE PECVS, QVEM NVLLA VOLVCRIS,"/>
               </TextLine>
               <TextLine ID="r2l35"
                         BASELINE="1518,3224 1582,3226 1647,3229 1712,3230 1776,3232 1841,3234 1906,3236 1970,3236 2035,3238 2100,3240 2165,3242 2229,3244 2294,3246 2359,3248 2423,3250 2488,3252 2553,3255 2617,3258 2682,3262 2747,3266 2812,3270"
                         HEIGHT="89"
                         WIDTH="1294"
                         VPOS="3195"
                         HPOS="1518">
                  <String ID="string_r2l35"
                          HEIGHT="89"
                          WIDTH="1294"
                          VPOS="3195"
                          HPOS="1518"
                          CONTENT="NEC FERA TVRBARAT, NEC LAPSVS AB ARBORE RAMVS,"/>
               </TextLine>
               <TextLine ID="r2l36"
                         BASELINE="1502,3290 1569,3290 1637,3292 1704,3293 1772,3294 1839,3297 1907,3298 1974,3300 2042,3302 2109,3306 2177,3308 2244,3310 2312,3313 2379,3316 2447,3320 2514,3324 2582,3327 2649,3329 2717,3334 2784,3338 2852,3340"
                         HEIGHT="95"
                         WIDTH="1350"
                         VPOS="3260"
                         HPOS="1502">
                  <String ID="string_r2l36"
                          HEIGHT="95"
                          WIDTH="1350"
                          VPOS="3260"
                          HPOS="1502"
                          CONTENT="GRAMEN ERAT CIRCA, QVOD PROXIMVS HVMOR ALEBAT,"/>
               </TextLine>
               <TextLine ID="r2l37"
                         BASELINE="1518,3356 1582,3356 1646,3356 1710,3358 1775,3360 1839,3362 1903,3364 1968,3367 2032,3370 2096,3373 2161,3376 2225,3380 2289,3383 2353,3386 2418,3389 2482,3392 2546,3396 2611,3398 2675,3400 2739,3401 2804,3402"
                         HEIGHT="88"
                         WIDTH="1286"
                         VPOS="3328"
                         HPOS="1518">
                  <String ID="string_r2l37"
                          HEIGHT="88"
                          WIDTH="1286"
                          VPOS="3328"
                          HPOS="1518"
                          CONTENT="SILVAQVE SOLE LOCVM PASSVRA TEPESCERE NVLLO"/>
               </TextLine>
               <TextLine ID="r2l38"
                         BASELINE="1518,3414 1580,3416 1642,3416 1704,3418 1766,3420 1828,3422 1890,3424 1952,3426 2014,3428 2076,3432 2138,3433 2200,3436 2262,3439 2324,3441 2386,3444 2448,3446 2510,3448 2572,3450 2634,3453 2696,3454 2758,3456"
                         HEIGHT="84"
                         WIDTH="1240"
                         VPOS="3386"
                         HPOS="1518">
                  <String ID="string_r2l38"
                          HEIGHT="84"
                          WIDTH="1240"
                          VPOS="3386"
                          HPOS="1518"
                          CONTENT="HIC PVER, ET STVDIO VENANDI LASSVS, ET AESTVS"/>
               </TextLine>
               <TextLine ID="r2l39"
                         BASELINE="1518,3476 1579,3476 1640,3476 1702,3476 1763,3478 1825,3480 1886,3482 1947,3484 2009,3486 2070,3490 2132,3492 2193,3494 2254,3497 2316,3500 2377,3502 2439,3506 2500,3508 2561,3510 2623,3514 2684,3516 2746,3518"
                         HEIGHT="84"
                         WIDTH="1228"
                         VPOS="3448"
                         HPOS="1518">
                  <String ID="string_r2l39"
                          HEIGHT="84"
                          WIDTH="1228"
                          VPOS="3448"
                          HPOS="1518"
                          CONTENT="PROCVBVIT, FACIEMQVE LOCI, FONTEQVE SECVTVS."/>
               </TextLine>
               <TextLine ID="r2l40"
                         BASELINE="1518,3538 1575,3538 1632,3538 1689,3538 1746,3540 1803,3542 1860,3543 1917,3545 1974,3546 2031,3550 2088,3552 2145,3554 2202,3556 2259,3558 2316,3560 2373,3562 2430,3563 2487,3564 2544,3566 2601,3566 2658,3566"
                         HEIGHT="70"
                         WIDTH="1140"
                         VPOS="3510"
                         HPOS="1518">
                  <String ID="string_r2l40"
                          HEIGHT="70"
                          WIDTH="1140"
                          VPOS="3510"
                          HPOS="1518"
                          CONTENT="DVM SITIM SEDARE CVPIT, SITIS ALTERA CREVIT."/>
               </TextLine>
               <TextLine ID="r2l41"
                         BASELINE="1502,3596 1564,3596 1626,3598 1689,3598 1751,3600 1814,3601 1876,3603 1938,3604 2001,3608 2063,3610 2126,3612 2188,3614 2250,3616 2313,3618 2375,3621 2438,3623 2500,3624 2562,3626 2625,3628 2687,3630 2750,3632"
                         HEIGHT="76"
                         WIDTH="1248"
                         VPOS="3569"
                         HPOS="1502">
                  <String ID="string_r2l41"
                          HEIGHT="76"
                          WIDTH="1248"
                          VPOS="3569"
                          HPOS="1502"
                          CONTENT="DVM BIBIT ET VISAE CORREPTVS IMAGINE FORMAE"/>
               </TextLine>
               <TextLine ID="line_1643801256523_911"
                         BASELINE="1487,3661 1745,3664 1833,3666 1921,3667 2008,3669 2096,3671 2184,3674 2272,3676 2360,3679 2447,3682 2535,3684 2623,3687 2711,3690 2799,3692 2886,3694 2974,3694 3062,3696 3150,3696 3281,3707"
                         HEIGHT="67"
                         WIDTH="1756"
                         VPOS="3633"
                         HPOS="1482">
                  <String ID="string_line_1643801256523_911"
                          HEIGHT="67"
                          WIDTH="1756"
                          VPOS="3633"
                          HPOS="1482"
                          CONTENT="SPEM SINE CORPORE AMAT, CORPVS PVTAT ESSE, Q̄D̄ VMBRA EST. et cetera:"/>
               </TextLine>
            </TextBlock>
            <TextBlock ID="TextRegion_1643801256422_907"
                       HEIGHT="853"
                       WIDTH="3206"
                       VPOS="3627"
                       HPOS="416">
               <Shape>
                  <Polygon POINTS="426,3627 3622,3722 3622,4480 416,4474"/>
               </Shape>
               <TextLine ID="r2l43"
                         BASELINE="876,3690 1004,3692 1133,3695 1261,3698 1390,3703 1519,3708 1647,3714 1776,3719 1904,3725 2033,3730 2162,3737 2290,3741 2419,3746 2547,3751 2676,3754 2805,3756 2933,3756 3062,3756 3190,3754 3319,3751 3448,3744"
                         HEIGHT="106"
                         WIDTH="2572"
                         VPOS="3663"
                         HPOS="876">
                  <String ID="string_r2l43"
                          HEIGHT="106"
                          WIDTH="2572"
                          VPOS="3663"
                          HPOS="876"
                          CONTENT="Fù edificato in Messina città di Sicilia un fonte dedicato ad esso Narcisso molto ornato, onde alcuni hanno"/>
               </TextLine>
               <TextLine ID="r2l44"
                         BASELINE="908,3768 1036,3770 1164,3771 1292,3774 1420,3776 1548,3780 1676,3783 1804,3788 1932,3792 2060,3797 2188,3802 2316,3806 2444,3810 2572,3815 2700,3820 2828,3824 2956,3828 3084,3831 3212,3834 3340,3836 3468,3838"
                         HEIGHT="124"
                         WIDTH="2560"
                         VPOS="3732"
                         HPOS="908">
                  <String ID="string_r2l44"
                          HEIGHT="124"
                          WIDTH="2560"
                          VPOS="3732"
                          HPOS="908"
                          CONTENT="creduto che quivi intravenisse il caso della Favola, la quale fù gia nell'Attica nello presidio Rhamnusio"/>
               </TextLine>
               <TextLine ID="r2l45"
                         BASELINE="902,3864 958,3862 1014,3862 1071,3861 1127,3860 1184,3860 1240,3862 1296,3862 1353,3862 1409,3864 1466,3864 1522,3866 1578,3866 1635,3868 1691,3868 1748,3870 1804,3870 1860,3870 1917,3870 1973,3870 2058,3888"
                         HEIGHT="64"
                         WIDTH="1128"
                         VPOS="3824"
                         HPOS="902">
                  <String ID="string_r2l45"
                          HEIGHT="64"
                          WIDTH="1128"
                          VPOS="3824"
                          HPOS="902"
                          CONTENT="come ogni greco scrittore ne fa menzione."/>
               </TextLine>
               <TextLine ID="r2l46"
                         BASELINE="876,4128 1006,4126 1137,4126 1268,4123 1398,4120 1529,4117 1660,4113 1790,4108 1921,4104 2052,4098 2183,4093 2313,4087 2444,4082 2575,4076 2705,4070 2836,4066 2967,4060 3097,4054 3228,4050 3359,4046 3490,4042"
                         HEIGHT="140"
                         WIDTH="2614"
                         VPOS="4006"
                         HPOS="876">
                  <String ID="string_r2l46"
                          HEIGHT="140"
                          WIDTH="2614"
                          VPOS="4006"
                          HPOS="876"
                          CONTENT="RAITO, Rhaito, Raitus, è nome della città di Iudaea, che in varij modi la scrivono, con diphtongo"/>
               </TextLine>
               <TextLine ID="r2l47"
                         BASELINE="932,4211 1066,4216 1195,4214 1264,4234 1453,4206 1582,4201 1711,4194 1840,4189 1969,4182 2098,4175 2227,4169 2356,4163 2485,4157 2614,4152 2743,4148 2872,4144 3001,4142 3130,4142 3259,4144 3388,4147 3517,4152"
                         HEIGHT="130"
                         WIDTH="2580"
                         VPOS="4102"
                         HPOS="936">
                  <String ID="string_r2l47"
                          HEIGHT="130"
                          WIDTH="2580"
                          VPOS="4102"
                          HPOS="936"
                          CONTENT="et senza esso: come ne parla Rufino nelle cose di santi patri. dalla quale Rahaitopolite il cittadino"/>
               </TextLine>
               <TextLine ID="r2l48"
                         BASELINE="932,4294 1062,4294 1192,4294 1322,4292 1452,4288 1582,4284 1712,4280 1842,4275 1972,4269 2102,4264 2233,4258 2363,4253 2493,4248 2623,4242 2753,4238 2883,4234 3013,4230 3143,4228 3273,4228 3403,4228 3534,4230"
                         HEIGHT="120"
                         WIDTH="2602"
                         VPOS="4192"
                         HPOS="932">
                  <String ID="string_r2l48"
                          HEIGHT="120"
                          WIDTH="2602"
                          VPOS="4192"
                          HPOS="932"
                          CONTENT="all'usa Aegyptiaco. et nell'uso latino Raitusio, Rhaitusense, et nel greco, ΡΑΙΤΟΣ, ΠΟΛΙΣ, et il citta"/>
               </TextLine>
               <TextLine ID="r2l49"
                         BASELINE="900,4384 930,4384 961,4384 991,4384 1022,4384 1052,4384 1083,4383 1113,4382 1144,4382 1174,4382 1205,4382 1235,4382 1266,4382 1296,4380 1327,4380 1357,4378 1388,4378 1418,4375 1449,4374 1479,4371 1510,4370"
                         HEIGHT="68"
                         WIDTH="610"
                         VPOS="4334"
                         HPOS="900">
                  <String ID="string_r2l49"
                          HEIGHT="68"
                          WIDTH="610"
                          VPOS="4334"
                          HPOS="900"
                          CONTENT="dino ΡΑΙΤΟΠΟΛΙΤΗΣ,"/>
               </TextLine>
            </TextBlock>
         </PrintSpace>
      </Page>
   </Layout>
</alto>
