3800 5255
1715 159 487 145 DI ROMA

905 439 2516 145 Heroico è divino, et stimarono tutti quelli che nascevano da quelle Donne dettessere ingravidate da Fiumi, come

913 545 2490 109 che queste pratticando in essi se ingravidavano, come dicono chel fiume Sperchio ingravido una Nympha et

926 627 2535 153 genero Enipeo, Acheloo genero Langia, peneo Daphne, Landone Syringa, Inacho Iside, Tibere genero Ocnos

923 749 2480 77 et altri altri Heroi. tal che perdonavano alle fanciulle per tema della deita: Poscia remiravano la quantita et la

928 827 2491 114 qualita dell'acque, che son tanto varie, et hanno infinita proprieta, et pareno che in esse siano spiriti da procre

919 932 2493 109 are et generare tutte le spetie che iddio vi pose: et per insino alle corrotte acque risolveno incerti strani et

937 1004 2499 129 estravaganti feruncoli: et si vede, che cio fanno colla proprietà del sole; et percio alla solare proprieta dedica,

918 1108 2494 113 rono i fonti: et si dicevano i fonti di Apolline. Et i greci chiamavano per una maraviglia il fonte dela Libya,

937 1164 2484 128 HΛΙΟΥ ΠΗΓΗ, posto in un deserto asprissimo, oltre alla Cyrenaica Regione, al Tempio di Iove Hammone dove

935 1273 2506 114 esso dava l'oracolo: per che nel tempo Vespertino diventa calda, et nell'ora Meridiana et matutina, è fred

936 1378 2499 114 dissima. et nella mezzanotte è caldissima. La onde la chiamarono Fonte del sole. et sicome scrivono Ham

917 1447 2519 120 monio et Herodoto nelquarto libro. nell'hora matutina è poco manco che tepida, et nell'alzarsi il sole si fa

941 1530 2490 120 Fredda. et nella mezzanotte si riscalda, et poscia la matina ritorna à farsi gelida et va sempre seguitando. del

920 1627 2553 123 qual fonte parla Ovidio nel quin decimo dela Metamorphose. QVAMVIS AMMONIS, NON SOLIS FONTEM APPEL

923 1740 2516 98 LAT. MEDIO, INQVIT, TVA CORNIGER AMMON VNDA DIE GELIDA EST, ORTVQVE OBITVQVE CALESCIT. Dima

927 1805 2528 127 niera che questa Fonte di Hamnone è Fredda il giorno et la notte è calda; come sone le acque Albule nel

928 1888 2547 117 paese Tiburtino circa à Roma. È anchor del sudetto Fonte parla nel terzo libro Silio Italico, dicendo egli,

932 1977 2497 129 AMMONIS ORACVLVM DESCRIBENS, STAT, INQVIT, FANO VICINA NOVVM ET MEMORABILE LYMPHA,

945 2063 2560 124 QVAE NASCENTE DIE, QVAE DIFICIENTE TEPESCIT: QVAEQVE RIGET, MEDIVM CVM SOL ACCEDIT, OLYMPVM.

931 2150 2525 112 à questo Fonte plinio da un'paralello, dicendo che sono due Fonti similidinatura, l'uno è Presso dell'Hammonio

933 2235 2538 130 Tempio, l'altro presso Troglodyti popoli dell'Aethiopia, et sono nominati fonte del Sole, che sono dolci nel

942 2341 2497 95 mezzo giorno et frigide, etnella notte amare et calide. et quelle acque le quali sono nell'isole beate che dico

934 2404 2534 107 no che chi dell'uno beve muore ridendo, et chi dell'altro gusta scampa dala morte, et quel Fonte che chia

934 2491 2531 100 mano di Amore, che chivi mette una accesa facella quella spigne, et chi spenta vela attusfa s'accen

930 2560 2522 103 de infiamma: et sequesta non è favola, è cosa fatta per artificio come facevano i sacerdoti di Iside nel

931 2638 2519 132 Tevere attuffavano le facelle accese sotto le acque et trahendole fuori maggiormente si accendevano.

925 2755 2555 140 et questo basti circa la maraviglia degli antichi: perla quale cercarono honorare religiosamente essa

921 2827 1573 104 natura credendo chel tutto venisse da qualche occulto Genio.

879 2867 2557 194 Fu nella Via Latina, discosto da Roma tremila passi un Recettacolo d'acqua fatto da Antonino Caracalla Imperadore, molto ornato

923 2978 2481 156 di statue colosse di venti piedi; secondo mostravano i fragmenti di esse imagini; il quale egli fece per levare, il fonte

910 3076 2497 182 Antoniniano dall'acquedotto dell'acqua Claudia la quale condusse nel suo Circo in Via Appia et d'indi alle Therme

928 3172 2451 143 sue Antoniane, poste nella medesimo via Appia circa la piscina publica; in que luogo dunque dove fu il sudetto

924 3258 2455 160 Recettacolo et castello d'acqua fu trovata una gran Tabola di Marmo conquesta narratione; che ci significa ha

2454 3396 901 130 vere ristaurato l'edificio dell'Aquedotto.

2453 3488 901 138 esso Antonino et septimio Severo suo padre.

2462 3574 897 137 Percio che quivi erano due cose, il castello dell'

2454 3666 903 128 acqua Claudia Antico invecchiato et il nuo

2453 3755 887 143 vo fatto per l'uso della'lora nuova opera

2454 3855 924 131 et sono stati tutti duoi rovinati, et portati via

2461 3940 891 146 i sassi quadrati nella città. Allato a questo

2438 4037 916 145 Castello nuovo era quello dell'Aquedotto dell'

2428 4132 939 128 Acqua chiamata Iulia Tepola, che viene dal

2447 4218 919 148 Tuscolano alla parita dell'opera arcuata

2434 4311 901 127 Claudia, et insieme s'avvecinano per ser

2437 4398 692 157 bare l'altezza del sito di Roma;

1001 3408 1163 172 IMP•CAES•DIVI•M•ANIONINI

991 3543 1099 93 GERM•SARM•FIL•DIVI•COMMODI

1036 3618 1034 86 FRATER•DIVL•ANTONINI•PII•NEPOS•DIVI

1034 3683 1026 99 HADRIANI•PRONEPOS•DIVI•TRAIANI•PART•AB

1031 3736 931 78 NEPOS•DIVI•NERVAE•ADNEPOS

979 3756 1116 129 L•SEPTIMIVS•SEVERVS•PIVS

999 3835 1169 103 PERTINAX•AVG•ARAB•ADIAB•PART•MAX•PONT•MAX

1013 3901 1123 74 TRIB•POT•X•IMP•XI•COS•III•P•P•PROCOS•ET

969 3936 1205 121 IMP•CAES•IMP•L•SEPTIMII•SEVERI•PII

986 4012 1166 87 PERTINACIS•AVG•ARAB•ADIAB•PART•MAM•FIL•DIVI

1010 4062 1162 88 M•ANTONINI•GERM•SARM•NEPOS•DIVI•ANTO

999 4105 1197 106 NINI•PII•PRONEPOS•DIVI•HADRIANI•ABNEPOS•DIVI•TRAIANI

982 4157 792 61 PART•ET•DIVI•NERVAE ADNEPOS•

957 4188 1226 121 M•AVRELIVS•ANTONINVS•PIVS•AVG

969 4280 1187 68 TRIB•POT•V̄•COS•PROC•VETVSTATE•COLLASSVM•RESTITVERVNT
