3800 5255
1022 624 612 104 braio non si faccia parenta

1581 614 55 54 la

1634 591 1733 214 di, et però sequita il poeta in questi altri dui versi nel medesimo luogho

1021 710 2381 171 CONDE•TVAS•HYMENAEE•FACES, ET•AB IGNIBVS•ARTIS/ AVFER, HABENT•ALIAS•MAE

1016 803 2381 151 STA•SEPVLCHRA•FACES• Trovo ancho che presso gli antichi, certe Are che si dedicavano à Iu¬

1031 903 2365 117 none solo donzelle vergini et maritate le potevano toccare, ma ale vedue, era nefasto. et la causa

1038 959 2357 130 di questo si dira al luogo delle Are. Suida, scrive che in Athene la secerdotessa portava nelle noz¬

1042 1063 2360 140 ze l'Egidee sacra, et entrava con essa dali nuovi sposi, l'Egida è quel'armatura che pal¬

1040 1131 2336 130 lade porta nel petto fatta di squame di serpente, et questo portarla nelle nozza non credo

1040 1231 2380 150 che altro significava presso gli antichi, che il marito deve sogiogar la moglie con la vigilan¬

1030 1325 2074 139 za, et con la virtù, la qual cosa è simile al significato ditto disopra delhasta.

1031 1455 2339 143 Scrive Valerio Maxinio nellibro secondo che gli Augori sacerdoti compariva

1063 1560 2324 158 no nel tempo suo nelle noze, per significare quello annzo costume di non

1097 1679 2271 129 battare mai cosa srivata ò publica ò privata ò matrimonij che non si cattas

1095 1767 2230 158 sero gria gli Augurij. et dice che suto la disciplina di Minerva a di

1080 1857 2301 170 Giunone, si vestivano et educavano le spose, perche le Donne anticamente,

1072 1992 2253 147 che solo una volta si maritavano, erano ornate della corona della pudicitia

1075 2066 2359 204 per che erano dagli antichi tenute d'animo pudico et sincero, et specialmente

1075 2170 2324 186 le gintil donne, che dopo il primo matrimonio, non volevano esser viste

1079 2267 2243 168 in publico rimaritate, giudicando chel rimaritarsi piu d'una volta,

1108 2383 2299 183 fusse segno d'una certa intemperantia d'animo, quasi libidinosa. il che

1099 2511 2235 170 certamente deve essere appresso agni gran donna accetto nelle svere

1111 2651 2207 128 et, ignobile le quali sempre sarai hanni dilosogno per aggiurarsi à vi

1122 2770 2310 164 vere degli huomini. dice anchora di piu che alla mensa le spose sedevano

1102 2892 1888 162 et lo sposo stava prosteso su un lettuccio all'antico costume.
