3800 5255
2930 167 174 79 39

3160 282 80 69 36

270 245 436 75 RICINA, ET

300 367 1832 81 RICINATE, è nome della citta di Piceni detta Ricanate, et Recanate

2062 297 256 69 et Recina

2132 375 810 73 posta tre miglia discosto allitto del

328 467 2592 89 Mare Adriatico et altretanto discosto alla santissima casa dell'oreto; dedicata alla Vergine Madre d'Iddio,

318 559 2642 111 selvatore. La quale come l'altre città d'Italia sendo spianata fudalli posteri suoi edificata cacciati i bar¬

326 665 2626 121 bari d'Italia, ove anchora vi restano i Vestigi del suo antico Theatro. Fu edificio gia di sabini, ò vero

328 771 2620 125 sauniti come scrisse Timaeo historico. et li suoi populi s'appellano Ricinensi. Onde del nome moderno

328 879 2728 123 di Recanate Recanatense. La cui citta è situata sopra la schiena un'Monte, et sotto d'esso passa il Fiume Moscione

288 991 2668 111 RICINENSES. è nome proprio de popoli sotto posti alla sudetta città RICINATE, cio è à Recanate, de i

344 1105 2654 105 quali fa menzione Plinio nellibro terzo alcapo decimoterzo. et li nomina Ricinenses, et confinano con Pleninensi

296 1201 2706 111 con Septepedani con Tollentinati. Et secondo scrisse Nysa, nel buono testo, sono popoli antichissimi pice¬

332 1313 2618 107 ni et misticati de sabini, et signori di fertilissimi luoghi. et come dice Plinio nel terzo libro alcapo decimo

324 1431 2652 95 terzo sono della quinta Regione d'Italia |. et nel Vero la città loro di Recanate è discosto da Ancona colonia

332 1554 2628 73 sedici miglia et da Cesena diece. Fu Ricinate chiamata colonia Helvia, dali coloni postovi da Septimio Se

346 1705 454 31 vero dell'Helviani

752 1624 736 57 della Tribu aniense, della quale

800 1674 2162 61 si come havemo posto nella dittione di Helvia colonia Ricinate. altre sue cose, et qui

332 1766 1683 64 abastava havere posta una delle sue inscrittioni che si trovano

1991 1704 99 58 et

2015 1763 125 34 altre

2090 1698 282 57 memorie.

2140 1761 1228 73 della Tribu Vellina lhavemo locate nelle Tribu nelli

3094 1836 170 76 bro .19.

304 1851 2656 107 RICNEA, è nome di Isola posta infra la Brittannia, cio è Inghilterra etla Hybernia, secondo Hecataeo.

324 1957 2638 99 et cosi etiandio la pone Plinio nel quarto libro alcapo decimo sesto, ove la nomina con queste Isole. Hae¬

336 2061 2646 101 budes, et inter Hyberniam et Britanniam. Mona, Manapia, Ricnea, Vectis, Silimnus, Andros. Ma

328 2169 2640 103 Artemidoro presso de Geographi la pose prossima alla Hybernia, et il medesimo disse Timaeo historico nelle

342 2283 2630 87 Cose Britanniche. et dicono i popoli habitatori, ΡΙΚΝΕΑΙ, et ΡΙΚΝΑΙΟΙ, con duoi diphtonghi et con uno, ΡΙΚ¬

328 2409 140 73 ΝΕΟΙ.

300 2711 2694 89 RINUCI, ò vero, ΡΙΝΟΥΚΟΙ, sono Popoli Galli nelli Monti de scaldi, habitatori vicini ai Castologi, à Tre¬

328 2819 2640 103 bati à Nervi et à Veroanduri. chiamati Rinuci liberi, perla fideltaloro fula liberta donata da Roma

326 2943 2662 83 ni tra l'altri popoli liberi fatti nelle Gallie. Sono spetie de Germani la loro origine et adoravano Cyza Dea

326 3055 2646 77 che è Persephone, ò vero Prosepina, et con essa la luna chiamata Santa Sirona, et Plutone: secondo Fron

326 3159 132 71 tone.

278 3387 2718 79 RINOCURARA, ò pure, ΡΙΝΟΚΟΥΡΑΡΑ, è citta dell'Aegypto, antichissima. da cui Stephano deriva Rinocuraeo

334 3505 2646 81 et Rino curite, et nella Medaglia di Hadriano nel numero del più ΡΙΝΟΚΟΥΡΑΙΩΝ. Onde potemo dire Rinocu¬

340 3595 2590 99 raei. Come nel greco ΡΙΝΟΚΟΥΡΑΙΟΣ, et ΡΙΝΟΚΟΥΡΙΤΗΣ. da questa citta la Iside et Serapide et Mercurio sono

336 3704 2650 87 appellati Iddij Rinocuraei. et alcuni scrivono la città per spiratione Rhinocurura, come è detto piu disopra nell'

332 3811 312 70 altra dittione

310 3912 2716 78 RIO FRANCO, è voce volgare: presa per, Rinulus, Francorum, che corre per Asta citta di Lombardia, di cui scrive Paulo Diacono.

312 3986 1818 70 RIO DEMOSSO, è nell'Umbria nel contado di Spoleto detto Caminate, dal castello.

302 4052 2286 60 RIO VERDE, è detto, è detto ancora in unluogo dal vulgo il Fiume dell'Histria che si chiamava Formio.

312 4108 1938 82 RION DEL SOLE, vedete la voce Rivo piu oltre, ch'è fiume nell'Umbria de spoletini.

286 4233 2680 83 RION, è citta della Morea, ò vogliamo dire della Messenia, come piace à Stephano nella parola, ΡΙΟΝ, ΠΟΛΙΣ

310 4339 2176 93 ΜΕΣΣΗΝΗΣ, et dice che è ancho città Achea, et unaltra dell'Aetolia, et una della Molycria.
