3800 5255
3046 235 195 53 46

3147 340 99 53 43

506 379 2392 83 che vive le sepellivano. Altri dicono, che fu il Geniodi quelluogo; et come cosa d'opera divina, dimo¬

512 473 2380 87 stravano la sua gravidanza. Alcuni davano questo à qualche ordine di Marte. Alcuni con piu fa¬

492 571 2404 89 volosa narratione dissero, che inquel stupro, si vidde il sole con una Nebia oscura nell'aria la

504 659 2404 95 quale haveauna grande imagine, et piu che humana di bellezza et di splendore, et quellali venis¬

508 771 2406 81 se addosso, mentre ella apie del fonte dormiva stanca et lassa dal caldo estivo affaticata: et con questo

504 873 2392 83 finsero che fusse uno Iddio et di un voler divino fatta gravida. Et affermarono anchora che quello Dio

492 963 2416 100 gli dicesse, che havea à partorire due lumi chiarissimi di guerra: et cosi detto fu da una nube solleva

500 1054 2404 106 to nell'aria et cosi involto esser stato portato. Talche con questa favola predicarono al vulgo, come fù

492 1134 2404 120 fatto da greci degli loto Heroi, che sono tutti bastardi: et concio demostravano, che iddio haveste fatta

496 1221 2414 114 una terza natura, in parte che potesse porsi quagiu nelle partiterrene sifatte nativita: et generar

484 1299 2452 116 una terza stirpe di huomini valorosi, d'alto coraggio, come dicono di Romolo, et di Remo in unven

484 1391 2444 107 tre generati da costei. Cosi addunque dicono di piu chela Madre di Rhea Silvia, vi teneste mano, al

496 1489 2434 111 tri dicono che cio fu finto dal suo amatore, et quello haverla ammaestrata. Ella sendo gravida, non

474 1587 2442 117 attendeva alle sacre cerimonie, et quelle faceva fare all'altre Vergini, tenne la cosa ascosa quanto

482 1693 2404 99 possette, fingendose ammalata. Ma Amulio traditore, tenendola molto bene osservata, che si

476 1785 2420 89 havisava qualche cosa, dala lunga demora del male, vi mando il Medico, et curatori, tanto che

478 1883 2440 74 pur scoperse il male, ch'era: saputo la cosa pose guardia d'huomini armati, ditlovessero veder

484 1963 2402 89 sela fanciulla partoriva. Fu chiamato da Amulio anchora Numitore à vedere la sua vergogna;

488 2065 2418 87 et fattone concilio grandissimo: et inteso per inquisitione dalla figliuola essere stata ingravidata

476 2175 2444 83 da uno iddio. La onde Numitore non consentiva, che essa patisse pena alcuna. Ma Amulio ne piune

470 2279 2450 87 meno, volle che essa morisse, et che i fanciulli secondo s'usava fussero come prudigiosi buttati nei

466 2387 2440 79 gorghi del fiume: et essa buttata dalla dignita et sepulta viva. Furono i bambini gittati nelle lagu

490 2495 2418 83 me del Tibere fiume. Alcuni variando dicono anchora, che cosi fusse fatto, altri che li fanciulli

490 2607 2406 75 incontenente con essa furono uccisi. ò pure guardati in una priggionia, lasciando il vulgo popo

478 2707 2414 71 lare in dubbio della loro vita. il che fece Amulio perli prieghi dela sua figliuola, la quale era

486 2801 2394 91 allevata insieme con Rhea, et come compagna et congionta del sangue grandemente l'amava.

488 2913 2382 83 Ma de figliuoli, eglie ben vero, che tutti duoi furono condannati à morte: ma per pietà dicolui il

478 3013 2396 89 quale lhavea da affonnare furono salvati: ò pure per opera occulta di Numitore loro Avo, che

488 3105 2394 111 corruppe, colui, et lifece allevare segretamente, et si salvarono. Perlo che Fabio Pittore, il

488 3213 2392 111 quale Lucio Cincio, et Porcio Catone et Calpurnio pisone citano, disse che quei duoi fanciulli

488 3333 2424 97 nella culla furono buttati quindici miglia lontano d'Alba Longa nella ripa del Tevere, et

466 3435 2438 93 cosi gittati, da certi famegli del Re Amulio, et che nel cui tempo il Tibere era uscito fuori delle sue

462 3547 2404 87 sponde, et havea inundato tuttol paese, et ritornando l'acque nel suoletto rimasero i fanciulli in

454 3655 2408 85 secco sotto le radici del colle Palatino, et urtando la culla in un sasso li rovescio interra nel

462 3763 2442 89 retirarsi dell'acque sula belletta infangati furono trovati da Marco Fostolo pastore, et dati ad'

474 3881 2412 81 Acca Larentia sua mogliere à nudricare. Altri dicono che una lupa, che poco prima havea partorito

454 3979 2450 111 gli diede ancho il latte. Altri fingono questa lupo essere Accalarentia, che accommodava la sua perso

462 4076 2430 116 na a i pastori, onde ne fu detta lupa, per che cosi chiamavano nella lingua opica latina la concu

462 4183 2408 112 bina. Referiscono anchora che quei Pastori, che viddero la lupa darle le poppe e nettarle conla

454 4270 2392 123 lingua il fango, et abbracciarli, parve loro cosa divina, li presero come figliuoli di qualche Genio

454 4358 2388 125 Havendo dato il grido alla lupa, quella senza timor mostrando pian piano si parti dall'impituosa
