3800 5255
1530 249 368 78 DI ROMA.

926 369 2436 108 perle gran dignità ricevute da quello: onde egli di poi che sendo fatto imperadore: et vendicata la morte di pertinace

928 460 2416 115 pose tragli Dei il suo figliuolo Commodo: percio che esso Lucio septimio, come scrive Elio Spartiano, sendo

936 555 2414 98 venuto dal detto Imperatore Antonino à Roma di eta di deciotto anni, domando illato clavo, coè la veste et or

942 645 2446 92 dine senatorio, et da esso Marco Antonino lhebbe: di piu hebbe il Tribunato dela plebe peropera et favore

942 747 2452 88 del medesimo imperatore, et lo essercitò congrandissima severita: et diligentia: Appresso fù disegnato pre

930 855 2452 68 tore, non gia candidato: ma chiamato trala moltitudine de competitori Pretore. havendo anni della sua età

922 949 2462 66 trentadue, et perciò esso Severo come ricordevole: per segno di bene mento, come se fusse della istessa parente

928 1045 2460 64 la, chiamo primieramente Bassiano Caesare Antonino: anzi comesi legge nelle medaglie il chiamo Marco

928 1147 2472 72 Aurelio Antonino: et questo fece per darle il secondo luogho nel'imperia le luogo doppo lui come porimo successore

926 1243 2464 68 et privarne Geta suo fratello dallato di padre: accio che Geta havesse speranza doppo Bussiano: alla succes

932 1332 2454 71 sione: il che non succedette. Concio sia cosa che septimio sendo in punto di morte nella Brittannia lascio,

918 1435 2480 60 Hesedi et Geta et Antonino; i quali nel'ritornare à Roma gia mai non siparlarono, tanto era nato odiò tra

918 1525 2452 66 loro: Finalmente sendo giunti inde brad ethavendo consecralo Severo loro padre: Antonino deliberato,

926 1612 2458 69 di uccidere Geta, ammazzollo per regnare solo. Dimaniera dunque, che l'odio crudele et intestino trapa¬

934 1707 2426 64 renti incomincio dall'ordine paternò istesso, per cio che à septimio Comedice Herodiano piacquero piu li

924 1803 2458 68 vitij di Antonino caracalla suo figliuoli che l'e altrui virtù. E gli adunque inquesta sua adottione come

922 1885 2428 78 il marmo ci significa, egli si Faceva chiamare Figliuuolo di Marco Antonino, et suo figliuolo denomino

920 1997 2444 66 Marco Aurelio Antonino come in esso fusse scritta la memoria del buon Narco: et inlui propagata.⁓ per

930 2093 2446 68 cio che come narra ancho spartiano severo vidde insogno, che Antonino gli dovea succedere nell'impe¬

926 2179 2442 68 rio, et lui applaude alla visione. Onde alcuni pensano per questo che Publio Geta secondo suo figliuolo, fus

930 2277 2410 62 se ancho detto Antonino, et poi lo lasciasse sendo fatto Cesare Augusto, et dicano ancho che Severo istesso

926 2367 2450 66 volle intrare nella fameglia et casata Aelia di Marco Antonino: et per affettare à tale darentato, d'indi

924 2461 2444 68 egli nel senato è presso al popolo lodo commodo, et comando, che Divo fusse chiamato: dipoi edificato,

920 2549 2456 64 ch'egli hebbe pertinace prese il cognome di quello, non tanto per sua voluntà quanto che per seguitare

926 2633 2432 70 la parsimonia de costumi, per che lo havesse vendicato. Si che egli doppo morte lasciò duoi figliuoli

926 2727 2422 68 cio è il sudetto Bassiano Antonino, et Publio Geta: et volle che questi lo sepellisse per divotione dentro

918 2805 2450 76 il sepulchro di Marco Antonino, qual tra tutti gli imperatori tanto grandemente osservò vivente: et

926 2907 2446 66 commodo suo figliuolo, come habbiumo detto pose tragli Dei. Et si credette che perhavere dotati i figluo

936 3003 2434 72 li di si degno nome dell'Antoniana Fameglia s'ingegnassero di imitare et parere infatto delli costumi

928 3095 2444 76 del duo Marco.⁓ et quivi s'inganno: conciosia cosa che per crudelta Antonino bassiano trapasso, commo

928 3189 2404 80 do: percio che imito l'odio di Thideo et di polynice: che per causa d'imperio violarono l'un l'altro, cosi

922 3289 2418 68 etiandio esso Antonino Bassiano, per regnare facilmente odiando la bonta di Geta l'uccise et prese permo

914 3379 2442 68 glie lamadre, che quasi le sanguinava la veste dell'ucciso figliuolo, che ingrembo alei mori: caden

944 3467 776 72 do sotto il Gladio del Fraticida.

1172 3891 334 49 CO

1506 3906 30 37 RA

1170 3950 352 65 QIACIC AICCHXAPIC

1162 4030 342 67 CIAE MEMCICCIC

1142 4097 388 66 TOCONMCICH OCIHI

1178 4163 344 54 OCCONCTGCEQIACI

986 4503 686 60 incameo antico poste trale cose belle

992 4571 376 56 di Monsignor Gadi.
