3800 5255
506 323 2788 72 RIZO, et RIZUS, òvero, ΡΙΖΟΥΣ, è città della Thessaglia, da cui il cittadino si scrive Rizuntio.

852 405 2446 84 alla imitatione greca, et latina, RIZVNTIVS, et, ΡΙΖΟΥΝΤΙΟΣ come il dice il grammatico de¬

832 504 2474 74 le citta. quivi veneravano Iove et Minerva Rizuntij: scrivesi la città anchora Rhizus conla spiratio

838 582 84 65 ne

538 837 2810 96 ROANA, ò pure ROAN. è citta grande et capo della Normandia nella Francia, che gli antichi nominavano Rotomago, ò Roto¬

848 915 1766 86 magus. et ΡΩΤΟΜΑΓΟΣ. da cui Roanensi, et Rotomagensi: et Rotomadunensi.

586 1525 2770 102 ROCCA DI PAPA, è a tredici miglia discosto da Roma luogo moderno, situato, sull'asprezza del Monte Arunco opposto al Tuscu¬

838 1611 700 59 lano, circa alli luoghi dell'Algido.

614 1683 2446 109 ROCCHELA, et Rochela, Rochella, è Villa citta et porto nell'Aquitania, che si chiamava Rupella porto de Santoni

634 1859 2718 144 ROBICO, è città ò Terra dell'Adriense Episcopato, posta sul Adicino, nelli Venetiani oltre al pado dicui è det

678 1955 2614 144 to in Rovico, piu oltre, et in Rhodicio più disopra. et Robico è nome dello Iddio delle Nebie, et exalationi. a cui i

686 2041 2624 156 Romani sacrificavano nella Festa Robicalia, et a Flora. et alli iddij consenti dell'Agricoltura stimati presidenti.⁓

650 2137 2638 134 ROCHESTRE, è città della Inglaterra, ciò è dell'Isola di Brittannia, che si chiamava gia Rutupia, ò Rutupiae, et Roffa.

668 2411 2624 138 RODES, et Rodas, è città celebre dall'antichi nel mar' di Syria, che gia si diceva Rhodes, ò Rhodus Atabyria, Corymbia,

828 2513 2380 114 Macria, Ophiusa. Poecessa. Aethrea, Telchinia, Trinacria, et Combria. et hodiernamente Rodas et Rodes.

676 2605 2422 118 ROFEA, è voce vulgare. presa perlo celebratissimo fiume Alpheo nella Morea, ò vogliamodire del pelo ponneso.

672 2696 2680 133 ROMANIA, è detta vulgarmente la provincia, ò Regione della Thracia nella parte dell'Europa: la quale è detta cosi da quelli Ro

710 2776 2570 148 mani antichi che sotto la sedia dell'imperio Romano governavano l'imperio di Levante, ò vero dell'oriente, secondo

840 2860 2448 160 la divisione fatta dal Gran Elavio Constantino, et d'essa Romania è Metropoli Constantinopoli città, che si diceva

828 2951 258 78 Byzantio.

700 3040 2608 177 ROMAGNA. è parte della Gallia Togata diqua della Transpadana nella Via Flaminia et Aemilia: per che in essa furono molti

838 3130 2404 159 Vici Municipali et molte città habitate dalle Romane Tribù. Coma della Veturia, della Romilia, della

840 3218 1752 129 Quivina, dell'Aemilia. Et da essa Regione si dicono Romagnola, et Romagnola.

678 3314 2610 157 ROMA SEPTECOLLIS appellata, dai i Poeti per che inse havea compresi sette colli, ò Monti, Palatino, Capitolino, Quirinale,

810 3436 2466 110 Caelio, Viminale, Esquilino, et Ianiculo. poscia vi furono aggiunti il colle Aventino, et il Pincio altramente chia

830 3509 1623 110 mato colle degli hortuli. Onde Nonimontio. Onde si faceva la festa ...

2304 3530 126 40 ...

2453 3558 299 68 septemontia.

710 3618 2582 121 ROMANO, si dice il cittadino di Roma et Romana la Donna: et il Municipio ch'era nel paese capuano ai confini del Samnio nel si¬

840 3704 2476 127 dicino Territorio: da cui Romanense, et Romanolense, lhabitatore. Come nel latino silegge colui ch'era Romano. Romanus

848 3792 1846 103 Romana, et Romanum: et dal Romano Municipio o presidio, Romanenses et Romanolenses.

696 3881 2578 130 ROMANICO, Romanicus, Romanica, Romanicum si dice, come Romanica Iuga, usato da Marco Catone de re rustica, cio è

834 3981 1356 92 nelle cosa della Villa: che hoggidi il vuglo dice paese Romanesco:

704 4099 2628 89 ROMANENSE, ò Romanensis, si dice colui ch'enato et con versa Roma, et Romanensem Salem, ch'era il sale che sivendeva à sabini

2776 4193 508 55 in Roma, come dice Merula.

684 4175 1658 106 ROMA Fu detta Epitomo ditutte le cose del mondo, come scrive Dionyso Afro.

696 4271 2598 116 ROMANA PORTA,et Romanola, è la istessa che fu detta Salaria dal portare il sale nei sabini. etdella Romanula scriveVarro¬

860 4355 2406 118 ne, della quale è detto alli suoi luoghi. et cosi verremo all'origine et nome di Roma, et alle sue cose, che in essa

846 4449 974 88 erano piu ammirabili et degne di memoria.
