<?xml version="1.0" encoding="UTF-8"?>
<alto xmlns:xsi="http://www.w3.org/2001/XMLSchema-instance"
      xmlns="http://www.loc.gov/standards/alto/ns-v4#"
      xmlns:page="http://schema.primaresearch.org/PAGE/gts/pagecontent/2013-07-15"
      xsi:schemaLocation="http://www.loc.gov/standards/alto/ns-v4# https://www.loc.gov/standards/alto/v4/alto.xsd">
   <Description>
      <MeasurementUnit>pixel</MeasurementUnit>
      <sourceImageInformation>
         <fileName>PirroLigorio_Ja_III_3_019a.jpg</fileName>
      </sourceImageInformation>
      <Processing ID="IdOcr">
         <processingDateTime>2024-06-25T19:44:57.458+02:00</processingDateTime>
         <processingSoftware>
            <softwareCreator>READ COOP</softwareCreator>
            <softwareName>Transkribus</softwareName>
         </processingSoftware>
      </Processing>
   </Description>
   <Layout>
      <Page ID="Page1" PHYSICAL_IMG_NR="1" HEIGHT="5255" WIDTH="3800">
         <TopMargin HEIGHT="0" WIDTH="3800" VPOS="0" HPOS="0"/>
         <LeftMargin HEIGHT="5255" WIDTH="0" VPOS="0" HPOS="0"/>
         <RightMargin HEIGHT="5255" WIDTH="0" VPOS="0" HPOS="3800"/>
         <BottomMargin HEIGHT="0" WIDTH="3800" VPOS="5255" HPOS="0"/>
         <PrintSpace HEIGHT="5255" WIDTH="3800" VPOS="0" HPOS="0">
            <TextBlock ID="TextRegion_1640185145016_828"
                       HEIGHT="4696"
                       WIDTH="2829"
                       VPOS="175"
                       HPOS="762">
               <Shape>
                  <Polygon POINTS="789,175 3585,175 3591,4871 2628,4856 2625,3124 762,3142 765,2824 2016,2822 2022,745 1951,745 1951,630 1885,625 1885,570 1736,570 1728,470 786,506"/>
               </Shape>
               <TextLine ID="r1l1"
                         BASELINE="1904,232 1929,233 1954,234 1980,234 2005,236 2031,236 2056,236 2081,236 2107,238 2132,238 2158,238 2183,238 2208,237 2234,236 2259,236 2285,236 2310,234 2336,234"
                         HEIGHT="61"
                         WIDTH="432"
                         VPOS="195"
                         HPOS="1904">
                  <String ID="string_r1l1"
                          HEIGHT="61"
                          WIDTH="432"
                          VPOS="195"
                          HPOS="1904"
                          CONTENT="DA RAVENNA"/>
               </TextLine>
               <TextLine ID="r1l2"
                         BASELINE="794,412 927,404 1061,398 1194,393 1328,388 1461,384 1595,380 1728,378 1862,376 1995,374 2129,372 2262,371 2396,370 2529,368 2663,368 2796,366 2930,366 3063,364 3197,362 3330,360 3464,358"
                         HEIGHT="109"
                         WIDTH="2670"
                         VPOS="317"
                         HPOS="794">
                  <String ID="string_r1l2"
                          HEIGHT="109"
                          WIDTH="2670"
                          VPOS="317"
                          HPOS="794"
                          CONTENT="Havemo in questo Monumento, perla intitulatione et perli simboli, cognitione di più cose. Et primieramente, vi sivede"/>
               </TextLine>
               <TextLine ID="r1l3"
                         BASELINE="826,474 958,465 1091,459 1223,453 1356,449 1489,446 1621,444 1754,442 1886,442 2019,440 2152,440 2284,442 2417,442 2549,442 2682,442 2815,442 2947,442 3080,442 3212,440 3345,437 3478,432"
                         HEIGHT="96"
                         WIDTH="2652"
                         VPOS="396"
                         HPOS="826">
                  <String ID="string_r1l3"
                          HEIGHT="96"
                          WIDTH="2652"
                          VPOS="396"
                          HPOS="826"
                          CONTENT="lhabito del Centurione della natione pannonica, che nella classe Romana Ravennate Militavano. Egli ha per suo sago"/>
               </TextLine>
               <TextLine ID="r1l5"
                         BASELINE="1744,532 1833,531 1923,530 2013,528 2103,528 2193,525 2282,523 2372,522 2462,518 2552,518 2642,516 2731,514 2821,514 2911,514 3001,514 3091,514 3180,516 3270,518 3360,522 3450,527 3540,532"
                         HEIGHT="49"
                         WIDTH="1796"
                         VPOS="493"
                         HPOS="1744">
                  <String ID="string_r1l5"
                          HEIGHT="49"
                          WIDTH="1796"
                          VPOS="493"
                          HPOS="1744"
                          CONTENT="militare la lacerna, che serviva per inbracciare, posta sopra della ordinaria Tunica"/>
               </TextLine>
               <TextLine ID="r1l7"
                         BASELINE="1936,606 2013,606 2091,604 2169,604 2247,602 2325,600 2402,598 2480,596 2558,594 2636,592 2714,592 2791,590 2869,590 2947,588 3025,588 3103,590 3180,590 3258,592 3336,594 3414,598 3492,602"
                         HEIGHT="70"
                         WIDTH="1556"
                         VPOS="553"
                         HPOS="1936">
                  <String ID="string_r1l7"
                          HEIGHT="70"
                          WIDTH="1556"
                          VPOS="553"
                          HPOS="1936"
                          CONTENT="mezza manicata. Visi vedeno le caliche Militari. Dala mano destra Tiene il"/>
               </TextLine>
               <TextLine ID="r1l8"
                         BASELINE="1960,684 2036,681 2113,678 2190,676 2267,674 2344,672 2420,670 2497,668 2574,666 2651,664 2728,664 2804,662 2881,662 2958,662 3035,662 3112,662 3188,662 3265,664 3342,666 3419,669 3496,672"
                         HEIGHT="74"
                         WIDTH="1536"
                         VPOS="627"
                         HPOS="1960">
                  <String ID="string_r1l8"
                          HEIGHT="74"
                          WIDTH="1536"
                          VPOS="627"
                          HPOS="1960"
                          CONTENT="scettro della Vita, con che discipliavano i Centurioni et gli Tribuni i suoi"/>
               </TextLine>
               <TextLine ID="r1l9"
                         BASELINE="2044,766 2119,762 2194,759 2269,756 2344,752 2420,750 2495,748 2570,746 2645,746 2720,744 2796,743 2871,742 2946,742 3021,742 3096,742 3172,740 3247,740 3322,740 3397,740 3472,742 3548,742"
                         HEIGHT="80"
                         WIDTH="1504"
                         VPOS="698"
                         HPOS="2044">
                  <String ID="string_r1l9"
                          HEIGHT="80"
                          WIDTH="1504"
                          VPOS="698"
                          HPOS="2044"
                          CONTENT="soldati: per corregerli col legno che significa l'honore militare et il bra¬"/>
               </TextLine>
               <TextLine ID="r1l11"
                         BASELINE="2040,836 2113,831 2187,827 2261,825 2335,822 2409,820 2482,818 2556,818 2630,816 2704,816 2778,816 2851,814 2925,814 2999,814 3073,814 3147,814 3220,812 3294,812 3368,811 3442,810 3516,808"
                         HEIGHT="82"
                         WIDTH="1476"
                         VPOS="772"
                         HPOS="2040">
                  <String ID="string_r1l11"
                          HEIGHT="82"
                          WIDTH="1476"
                          VPOS="772"
                          HPOS="2040"
                          CONTENT="cio della gloria della palma del vincitore. La onde disciplinando nella"/>
               </TextLine>
               <TextLine ID="r1l13"
                         BASELINE="2040,920 2112,915 2185,910 2258,904 2331,901 2404,896 2476,894 2549,892 2622,889 2695,888 2768,886 2840,886 2913,884 2986,884 3059,884 3132,884 3204,884 3277,884 3350,886 3423,886 3496,886"
                         HEIGHT="90"
                         WIDTH="1456"
                         VPOS="848"
                         HPOS="2040">
                  <String ID="string_r1l13"
                          HEIGHT="90"
                          WIDTH="1456"
                          VPOS="848"
                          HPOS="2040"
                          CONTENT="Discipulina i soldati che preterivano gliordini i suoi cinturioni conla"/>
               </TextLine>
               <TextLine ID="r1l14"
                         BASELINE="2048,992 2120,988 2193,984 2266,980 2339,976 2412,972 2484,969 2557,966 2630,964 2703,962 2776,960 2848,958 2921,956 2994,956 3067,956 3140,956 3212,957 3285,958 3358,960 3431,962 3504,966"
                         HEIGHT="90"
                         WIDTH="1456"
                         VPOS="920"
                         HPOS="2048">
                  <String ID="string_r1l14"
                          HEIGHT="90"
                          WIDTH="1456"
                          VPOS="920"
                          HPOS="2048"
                          CONTENT="vita gli percuoteva: la quale bastonata si prendeva per cosa honesta et"/>
               </TextLine>
               <TextLine ID="r1l15"
                         BASELINE="2064,1062 2136,1058 2208,1055 2280,1051 2352,1048 2425,1044 2497,1042 2569,1038 2641,1036 2713,1034 2786,1032 2858,1030 2930,1028 3002,1028 3074,1028 3147,1029 3219,1030 3291,1032 3363,1035 3435,1038 3508,1042"
                         HEIGHT="82"
                         WIDTH="1444"
                         VPOS="996"
                         HPOS="2064">
                  <String ID="string_r1l15"
                          HEIGHT="82"
                          WIDTH="1444"
                          VPOS="996"
                          HPOS="2064"
                          CONTENT="non per ingiuria come sarebbeno le percosse d'altri legni. Pertanto si"/>
               </TextLine>
               <TextLine ID="r1l18"
                         BASELINE="2052,1138 2125,1133 2198,1129 2271,1124 2344,1121 2418,1116 2491,1113 2564,1109 2637,1105 2710,1102 2784,1100 2857,1098 2930,1096 3003,1094 3076,1094 3150,1094 3223,1094 3296,1096 3369,1099 3442,1102 3516,1106"
                         HEIGHT="92"
                         WIDTH="1464"
                         VPOS="1062"
                         HPOS="2052">
                  <String ID="string_r1l18"
                          HEIGHT="92"
                          WIDTH="1464"
                          VPOS="1062"
                          HPOS="2052"
                          CONTENT="prendeva per correttione et non per ingiuriosa battitura. Ha dalla"/>
               </TextLine>
               <TextLine ID="r1l19"
                         BASELINE="2044,1214 2117,1210 2190,1207 2264,1202 2337,1198 2411,1194 2484,1191 2557,1187 2631,1183 2704,1180 2778,1177 2851,1174 2924,1172 2998,1170 3071,1170 3145,1170 3218,1171 3291,1173 3365,1175 3438,1180 3512,1184"
                         HEIGHT="95"
                         WIDTH="1468"
                         VPOS="1136"
                         HPOS="2044">
                  <String ID="string_r1l19"
                          HEIGHT="95"
                          WIDTH="1468"
                          VPOS="1136"
                          HPOS="2044"
                          CONTENT="mano sinistra il libro ò cartolare del privileggio Militare della Fede"/>
               </TextLine>
               <TextLine ID="r1l20"
                         BASELINE="2044,1286 2118,1284 2192,1280 2266,1276 2340,1272 2414,1268 2488,1264 2562,1260 2636,1256 2710,1251 2784,1248 2858,1244 2932,1242 3006,1240 3080,1240 3154,1240 3228,1240 3302,1242 3376,1246 3450,1250 3524,1256"
                         HEIGHT="97"
                         WIDTH="1480"
                         VPOS="1206"
                         HPOS="2044">
                  <String ID="string_r1l20"
                          HEIGHT="97"
                          WIDTH="1480"
                          VPOS="1206"
                          HPOS="2044"
                          CONTENT="et giuramento che si usava prendere nell'introito della Militia, apie"/>
               </TextLine>
               <TextLine ID="r1l21"
                         BASELINE="2040,1362 2113,1359 2186,1356 2260,1352 2333,1348 2407,1345 2480,1340 2553,1336 2627,1333 2700,1329 2774,1326 2847,1324 2920,1320 2994,1318 3067,1318 3141,1316 3214,1318 3287,1318 3361,1321 3434,1324 3508,1330"
                         HEIGHT="101"
                         WIDTH="1468"
                         VPOS="1279"
                         HPOS="2040">
                  <String ID="string_r1l21"
                          HEIGHT="101"
                          WIDTH="1468"
                          VPOS="1279"
                          HPOS="2040"
                          CONTENT="dell'altari; incui si pregavano gli Iddij, et segli prometteva fidelta"/>
               </TextLine>
               <TextLine ID="r1l22"
                         BASELINE="2044,1438 2118,1435 2193,1430 2267,1427 2342,1424 2417,1420 2491,1416 2566,1413 2640,1410 2715,1408 2790,1406 2864,1404 2939,1402 3013,1400 3088,1398 3163,1396 3237,1396 3312,1394 3386,1394 3461,1394 3536,1394"
                         HEIGHT="99"
                         WIDTH="1492"
                         VPOS="1357"
                         HPOS="2044">
                  <String ID="string_r1l22"
                          HEIGHT="99"
                          WIDTH="1492"
                          VPOS="1357"
                          HPOS="2044"
                          CONTENT="di combattere insino alla morte per conservare l'essercito. Et questo ne"/>
               </TextLine>
               <TextLine ID="r1l23"
                         BASELINE="2048,1516 2121,1513 2194,1509 2268,1505 2341,1502 2415,1499 2488,1496 2561,1493 2635,1490 2708,1488 2782,1486 2855,1484 2928,1482 3002,1480 3075,1478 3149,1476 3222,1476 3295,1474 3369,1474 3442,1472 3516,1472"
                         HEIGHT="99"
                         WIDTH="1468"
                         VPOS="1435"
                         HPOS="2048">
                  <String ID="string_r1l23"
                          HEIGHT="99"
                          WIDTH="1468"
                          VPOS="1435"
                          HPOS="2048"
                          CONTENT="mostra quel caro Aemilio Severo Centurione della Centuria Tertia"/>
               </TextLine>
               <TextLine ID="r1l24"
                         BASELINE="2052,1606 2124,1602 2197,1598 2269,1595 2342,1591 2415,1586 2487,1583 2560,1579 2632,1576 2705,1572 2778,1568 2850,1565 2923,1562 2995,1559 3068,1557 3141,1554 3213,1552 3286,1550 3358,1550 3431,1549 3504,1548"
                         HEIGHT="113"
                         WIDTH="1452"
                         VPOS="1511"
                         HPOS="2052">
                  <String ID="string_r1l24"
                          HEIGHT="113"
                          WIDTH="1452"
                          VPOS="1511"
                          HPOS="2052"
                          CONTENT="Herculania. come che'essa era denominata da Hercole comito et"/>
               </TextLine>
               <TextLine ID="r1l26"
                         BASELINE="2068,1690 2139,1685 2211,1680 2283,1677 2355,1672 2427,1667 2498,1662 2570,1658 2642,1654 2714,1649 2786,1645 2857,1642 2929,1638 3001,1635 3073,1633 3145,1630 3216,1629 3288,1628 3360,1628 3432,1628 3504,1628"
                         HEIGHT="117"
                         WIDTH="1436"
                         VPOS="1591"
                         HPOS="2068">
                  <String ID="string_r1l26"
                          HEIGHT="117"
                          WIDTH="1436"
                          VPOS="1591"
                          HPOS="2068"
                          CONTENT="Tutelare della fortezza et valore de soldati. Visi vede la Gorgona"/>
               </TextLine>
               <TextLine ID="r1l27"
                         BASELINE="2064,1766 2137,1762 2210,1760 2284,1756 2357,1751 2431,1748 2504,1743 2577,1738 2651,1734 2724,1729 2798,1724 2871,1720 2944,1717 3018,1712 3091,1709 3165,1706 3238,1704 3311,1704 3385,1702 3458,1702 3532,1704"
                         HEIGHT="119"
                         WIDTH="1468"
                         VPOS="1665"
                         HPOS="2064">
                  <String ID="string_r1l27"
                          HEIGHT="119"
                          WIDTH="1468"
                          VPOS="1665"
                          HPOS="2064"
                          CONTENT="ch'è la Virtu Minervale il spavento et Terrore del capitano et dellhuo"/>
               </TextLine>
               <TextLine ID="r1l28"
                         BASELINE="2074,1842 2144,1840 2215,1838 2285,1836 2356,1832 2427,1829 2497,1826 2568,1820 2638,1817 2709,1812 2780,1808 2850,1802 2921,1798 2991,1794 3062,1790 3133,1787 3203,1784 3274,1782 3344,1782 3415,1782 3486,1782"
                         HEIGHT="115"
                         WIDTH="1412"
                         VPOS="1745"
                         HPOS="2074">
                  <String ID="string_r1l28"
                          HEIGHT="115"
                          WIDTH="1412"
                          VPOS="1745"
                          HPOS="2074"
                          CONTENT="mo prudente. Visi vegono i Delphini di Venere Amica Martiale, et"/>
               </TextLine>
               <TextLine ID="r1l29"
                         BASELINE="2070,1924 2142,1921 2215,1916 2287,1913 2360,1908 2433,1905 2505,1901 2578,1898 2650,1893 2723,1889 2796,1885 2868,1882 2941,1878 3013,1875 3086,1873 3159,1870 3231,1868 3304,1866 3376,1864 3449,1862 3522,1860"
                         HEIGHT="119"
                         WIDTH="1452"
                         VPOS="1823"
                         HPOS="2070">
                  <String ID="string_r1l29"
                          HEIGHT="119"
                          WIDTH="1452"
                          VPOS="1823"
                          HPOS="2070"
                          CONTENT="sono simbuli della forza del mare, che hora è liocto et hora procelloso et"/>
               </TextLine>
               <TextLine ID="r1l30"
                         BASELINE="2054,1994 2130,1992 2207,1991 2284,1988 2361,1986 2438,1982 2514,1979 2591,1975 2668,1971 2745,1968 2822,1964 2898,1960 2975,1956 3052,1952 3129,1950 3206,1948 3282,1946 3359,1944 3436,1944 3513,1944 3590,1944"
                         HEIGHT="105"
                         WIDTH="1536"
                         VPOS="1907"
                         HPOS="2054">
                  <String ID="string_r1l30"
                          HEIGHT="105"
                          WIDTH="1536"
                          VPOS="1907"
                          HPOS="2054"
                          CONTENT="perturbato Mostrano l'assalti improvisi et la Forma della Nave Velo¬"/>
               </TextLine>
               <TextLine ID="r1l31"
                         BASELINE="2056,2080 2131,2077 2207,2073 2283,2070 2358,2065 2434,2061 2510,2056 2585,2052 2661,2048 2737,2044 2813,2040 2888,2036 2964,2034 3040,2032 3115,2030 3191,2030 3267,2030 3342,2030 3418,2033 3494,2036 3570,2042"
                         HEIGHT="105"
                         WIDTH="1514"
                         VPOS="1993"
                         HPOS="2056">
                  <String ID="string_r1l31"
                          HEIGHT="105"
                          WIDTH="1514"
                          VPOS="1993"
                          HPOS="2056"
                          CONTENT="ce et Bellatrice, dalla qualita del Delphino formata, nella Nave lon¬"/>
               </TextLine>
               <TextLine ID="r1l32"
                         BASELINE="2040,2166 2116,2164 2192,2161 2269,2158 2345,2154 2422,2150 2498,2146 2574,2141 2651,2136 2727,2132 2804,2128 2880,2124 2956,2120 3033,2118 3109,2115 3186,2114 3262,2114 3338,2114 3415,2116 3491,2119 3568,2124"
                         HEIGHT="107"
                         WIDTH="1528"
                         VPOS="2077"
                         HPOS="2040">
                  <String ID="string_r1l32"
                          HEIGHT="107"
                          WIDTH="1528"
                          VPOS="2077"
                          HPOS="2040"
                          CONTENT="ga et veloce come pria la considero Tiphi, sicome havemo detto nelle"/>
               </TextLine>
               <TextLine ID="r1l33"
                         BASELINE="2048,2260 2123,2257 2198,2253 2274,2250 2349,2245 2425,2239 2500,2234 2575,2230 2651,2224 2726,2220 2802,2215 2877,2212 2952,2208 3028,2205 3103,2202 3179,2200 3254,2198 3329,2198 3405,2199 3480,2202 3556,2204"
                         HEIGHT="117"
                         WIDTH="1508"
                         VPOS="2161"
                         HPOS="2048">
                  <String ID="string_r1l33"
                          HEIGHT="117"
                          WIDTH="1508"
                          VPOS="2161"
                          HPOS="2048"
                          CONTENT="cose delle Navi. Cosi dunque quel Centurione sendo della Militia"/>
               </TextLine>
               <TextLine ID="r1l36"
                         BASELINE="2068,2340 2141,2338 2215,2336 2289,2332 2362,2328 2436,2324 2510,2319 2583,2314 2657,2310 2731,2305 2805,2299 2878,2295 2952,2291 3026,2288 3099,2284 3173,2282 3247,2282 3320,2282 3394,2283 3468,2287 3542,2290"
                         HEIGHT="113"
                         WIDTH="1474"
                         VPOS="2245"
                         HPOS="2068">
                  <String ID="string_r1l36"
                          HEIGHT="113"
                          WIDTH="1474"
                          VPOS="2245"
                          HPOS="2068"
                          CONTENT="dell'armata, ha insegne di cose delle figure, che accennano l'aspetto"/>
               </TextLine>
               <TextLine ID="r1l39"
                         BASELINE="2054,2414 2129,2414 2205,2412 2280,2410 2356,2408 2431,2404 2507,2400 2582,2397 2658,2392 2733,2388 2809,2384 2884,2380 2960,2376 3035,2374 3111,2372 3186,2370 3262,2370 3337,2370 3413,2372 3488,2376 3564,2380"
                         HEIGHT="96"
                         WIDTH="1510"
                         VPOS="2335"
                         HPOS="2054">
                  <String ID="string_r1l39"
                          HEIGHT="96"
                          WIDTH="1510"
                          VPOS="2335"
                          HPOS="2054"
                          CONTENT="del Mare et l'animo di chiunchè lo milita, et lo soggietto delle cose"/>
               </TextLine>
               <TextLine ID="r1l41"
                         BASELINE="2056,2490 2130,2488 2204,2486 2279,2483 2353,2480 2428,2477 2502,2475 2576,2472 2651,2468 2725,2466 2800,2462 2874,2460 2948,2458 3023,2456 3097,2454 3172,2454 3246,2452 3320,2452 3395,2452 3469,2454 3544,2456"
                         HEIGHT="90"
                         WIDTH="1488"
                         VPOS="2417"
                         HPOS="2056">
                  <String ID="string_r1l41"
                          HEIGHT="90"
                          WIDTH="1488"
                          VPOS="2417"
                          HPOS="2056"
                          CONTENT="et della prudentia et di quella Diva Crudele, chel Mare porge, et"/>
               </TextLine>
               <TextLine ID="r1l43"
                         BASELINE="2064,2566 2138,2565 2213,2564 2287,2562 2362,2560 2437,2558 2511,2554 2586,2552 2660,2550 2735,2546 2810,2544 2884,2542 2959,2540 3033,2538 3108,2538 3183,2536 3257,2536 3332,2537 3406,2538 3481,2540 3556,2542"
                         HEIGHT="85"
                         WIDTH="1492"
                         VPOS="2499"
                         HPOS="2064">
                  <String ID="string_r1l43"
                          HEIGHT="85"
                          WIDTH="1492"
                          VPOS="2499"
                          HPOS="2064"
                          CONTENT="commove l'animo et gli spirti: ne quali muovimenti conviene la"/>
               </TextLine>
               <TextLine ID="r1l46"
                         BASELINE="2054,2646 2128,2648 2203,2648 2278,2648 2353,2646 2428,2645 2503,2644 2578,2642 2653,2639 2728,2637 2803,2634 2877,2632 2952,2630 3027,2627 3102,2626 3177,2624 3252,2622 3327,2622 3402,2622 3477,2624 3552,2624"
                         HEIGHT="81"
                         WIDTH="1498"
                         VPOS="2585"
                         HPOS="2054">
                  <String ID="string_r1l46"
                          HEIGHT="81"
                          WIDTH="1498"
                          VPOS="2585"
                          HPOS="2054"
                          CONTENT="fortezza et generosita dell'animo, e navigare conviene per questo"/>
               </TextLine>
               <TextLine ID="r1l49"
                         BASELINE="2074,2724 2148,2726 2223,2726 2297,2724 2372,2724 2446,2722 2521,2720 2595,2718 2670,2716 2744,2714 2819,2710 2893,2708 2968,2708 3042,2706 3117,2704 3191,2704 3266,2705 3340,2706 3415,2708 3489,2712 3564,2716"
                         HEIGHT="74"
                         WIDTH="1490"
                         VPOS="2669"
                         HPOS="2074">
                  <String ID="string_r1l49"
                          HEIGHT="74"
                          WIDTH="1490"
                          VPOS="2669"
                          HPOS="2074"
                          CONTENT="nella Nave ch'è più forte et più provista di Triarchi et di Navarchi"/>
               </TextLine>
               <TextLine ID="r1l51"
                         BASELINE="2074,2798 2147,2798 2220,2800 2293,2800 2367,2800 2440,2800 2513,2800 2587,2800 2660,2798 2733,2798 2807,2796 2880,2795 2953,2794 3026,2792 3100,2792 3173,2790 3246,2790 3320,2788 3393,2788 3466,2788 3540,2788"
                         HEIGHT="63"
                         WIDTH="1466"
                         VPOS="2754"
                         HPOS="2074">
                  <String ID="string_r1l51"
                          HEIGHT="63"
                          WIDTH="1466"
                          VPOS="2754"
                          HPOS="2074"
                          CONTENT="secondo conviene nelle cose forti del principe proveditore della"/>
               </TextLine>
               <TextLine ID="r1l52"
                         BASELINE="824,2896 960,2888 1096,2882 1232,2878 1368,2874 1504,2871 1640,2870 1776,2868 1912,2868 2048,2868 2185,2868 2321,2870 2457,2870 2593,2870 2729,2870 2865,2870 3001,2870 3137,2868 3273,2864 3409,2862 3546,2856"
                         HEIGHT="91"
                         WIDTH="2722"
                         VPOS="2822"
                         HPOS="824">
                  <String ID="string_r1l52"
                          HEIGHT="91"
                          WIDTH="2722"
                          VPOS="2822"
                          HPOS="824"
                          CONTENT="Nave, Maritima, per non perdere la Nave che governa l'honore et l'utile della Vita, piena di molta Nausea,àchi"/>
               </TextLine>
               <TextLine ID="r1l53"
                         BASELINE="848,2972 970,2962 1092,2954 1214,2949 1336,2944 1458,2941 1580,2939 1702,2938 1824,2938 1946,2938 2069,2938 2191,2938 2313,2940 2435,2940 2557,2940 2679,2940 2801,2940 2923,2940 3045,2937 3167,2934 3290,2930"
                         HEIGHT="93"
                         WIDTH="2442"
                         VPOS="2896"
                         HPOS="848">
                  <String ID="string_r1l53"
                          HEIGHT="93"
                          WIDTH="2442"
                          VPOS="2896"
                          HPOS="848"
                          CONTENT="non sà et ha pratticato il mare, che sempre si muove atggita. àguisa degli animi inconstati de mortali."/>
               </TextLine>
               <TextLine ID="r1l54"
                         BASELINE="840,3062 974,3054 1108,3047 1242,3041 1377,3037 1511,3034 1645,3030 1780,3028 1914,3026 2048,3024 2183,3024 2317,3024 2451,3024 2585,3024 2720,3024 2854,3024 2988,3024 3123,3024 3257,3024 3391,3022 3526,3022"
                         HEIGHT="94"
                         WIDTH="2686"
                         VPOS="2986"
                         HPOS="840">
                  <String ID="string_r1l54"
                          HEIGHT="94"
                          WIDTH="2686"
                          VPOS="2986"
                          HPOS="840"
                          CONTENT="Quest'altre due intitulationi si trovano molto male trattate di rotture, et d'incendio, nelluogo della chiesa di Santa Maria"/>
               </TextLine>
               <TextLine ID="line_1640185145173_831"
                         BASELINE="856,3130 989,3126 1115,3126 1249,3121 1383,3118 1517,3114 1650,3112 1784,3110 1918,3108 2052,3106 2186,3106 2319,3104 2453,3104 2587,3104 2721,3102 2855,3102 2988,3102 3122,3104 3256,3104 3390,3104 3524,3104"
                         HEIGHT="76"
                         WIDTH="2676"
                         VPOS="3066"
                         HPOS="848">
                  <String ID="string_line_1640185145173_831"
                          HEIGHT="76"
                          WIDTH="2676"
                          VPOS="3066"
                          HPOS="848"
                          CONTENT="in Classe. ove sono simbuli della Gorgona et de Leoni segni della fortezza et valore di quelli soldati. et alcuni d'essi hanno"/>
               </TextLine>
               <TextLine ID="r1l56"
                         BASELINE="2654,3186 2696,3184 2739,3184 2781,3182 2824,3182 2867,3182 2909,3180 2952,3180 2994,3180 3037,3180 3080,3180 3122,3181 3165,3182 3207,3182 3250,3182 3293,3184 3335,3184 3378,3186 3420,3186 3463,3188 3506,3188"
                         HEIGHT="63"
                         WIDTH="852"
                         VPOS="3143"
                         HPOS="2654">
                  <String ID="string_r1l56"
                          HEIGHT="63"
                          WIDTH="852"
                          VPOS="3143"
                          HPOS="2654"
                          CONTENT="alcune Teste d'Arieti intra gli artigli."/>
               </TextLine>
               <TextLine ID="r1l57"
                         BASELINE="2652,3266 2695,3266 2738,3268 2781,3268 2824,3268 2867,3268 2910,3268 2953,3268 2996,3268 3039,3268 3083,3268 3126,3268 3169,3268 3212,3268 3255,3269 3298,3270 3341,3272 3384,3273 3427,3276 3470,3279 3514,3282"
                         HEIGHT="71"
                         WIDTH="862"
                         VPOS="3229"
                         HPOS="2652">
                  <String ID="string_r1l57"
                          HEIGHT="71"
                          WIDTH="862"
                          VPOS="3229"
                          HPOS="2652"
                          CONTENT="significante la buona fortezza, che gio"/>
               </TextLine>
               <TextLine ID="r1l58"
                         BASELINE="2652,3360 2694,3360 2737,3360 2780,3360 2823,3360 2866,3358 2908,3358 2951,3357 2994,3356 3037,3356 3080,3356 3122,3356 3165,3354 3208,3354 3251,3356 3294,3356 3336,3357 3379,3358 3422,3360 3465,3362 3549,3364"
                         HEIGHT="65"
                         WIDTH="856"
                         VPOS="3317"
                         HPOS="2652">
                  <String ID="string_r1l58"
                          HEIGHT="65"
                          WIDTH="856"
                          VPOS="3317"
                          HPOS="2652"
                          CONTENT="va à gli huomini vivi, per degno nudri¬"/>
               </TextLine>
               <TextLine ID="r1l59"
                         BASELINE="2656,3442 2698,3442 2741,3440 2783,3440 2826,3439 2869,3438 2911,3438 2954,3438 2996,3438 3039,3438 3082,3438 3124,3438 3167,3438 3209,3438 3252,3438 3295,3438 3337,3438 3380,3438 3422,3440 3465,3440 3508,3440"
                         HEIGHT="59"
                         WIDTH="852"
                         VPOS="3401"
                         HPOS="2656">
                  <String ID="string_r1l59"
                          HEIGHT="59"
                          WIDTH="852"
                          VPOS="3401"
                          HPOS="2656"
                          CONTENT="mento et doppo morte anchora sendo"/>
               </TextLine>
               <TextLine ID="r1l60"
                         BASELINE="2662,3520 2704,3522 2746,3522 2789,3522 2831,3522 2874,3522 2916,3522 2958,3522 3001,3522 3043,3522 3086,3522 3128,3522 3170,3522 3213,3522 3255,3522 3298,3522 3340,3522 3382,3522 3425,3522 3467,3524 3510,3524"
                         HEIGHT="59"
                         WIDTH="848"
                         VPOS="3483"
                         HPOS="2662">
                  <String ID="string_r1l60"
                          HEIGHT="59"
                          WIDTH="848"
                          VPOS="3483"
                          HPOS="2662"
                          CONTENT="quelli animali buoni, cosi è la fortezza"/>
               </TextLine>
               <TextLine ID="r1l62"
                         BASELINE="2658,3610 2701,3608 2745,3608 2789,3606 2833,3606 2877,3606 2920,3604 2964,3604 3008,3604 3052,3604 3096,3604 3139,3604 3183,3604 3227,3604 3271,3604 3315,3606 3358,3606 3402,3606 3446,3606 3490,3608 3534,3608"
                         HEIGHT="61"
                         WIDTH="876"
                         VPOS="3567"
                         HPOS="2658">
                  <String ID="string_r1l62"
                          HEIGHT="61"
                          WIDTH="876"
                          VPOS="3567"
                          HPOS="2658"
                          CONTENT="buona in morte et invita per cibo dell'"/>
               </TextLine>
               <TextLine ID="r1l63"
                         BASELINE="2654,3694 2698,3693 2743,3692 2788,3690 2832,3688 2877,3688 2922,3688 2966,3686 3011,3686 3056,3686 3101,3686 3145,3686 3190,3686 3235,3686 3279,3686 3324,3688 3369,3688 3413,3690 3458,3692 3503,3692 3548,3694"
                         HEIGHT="63"
                         WIDTH="894"
                         VPOS="3649"
                         HPOS="2654">
                  <String ID="string_r1l63"
                          HEIGHT="63"
                          WIDTH="894"
                          VPOS="3649"
                          HPOS="2654"
                          CONTENT="animo. Furono dunque essi soldati di "/>
               </TextLine>
               <TextLine ID="r1l67"
                         BASELINE="2662,3772 2706,3770 2751,3768 2795,3768 2840,3768 2884,3767 2929,3768 2973,3768 3018,3768 3062,3768 3107,3770 3151,3770 3196,3771 3240,3772 3285,3773 3329,3774 3374,3776 3418,3776 3463,3777 3507,3778 3552,3778"
                         HEIGHT="66"
                         WIDTH="890"
                         VPOS="3730"
                         HPOS="2662">
                  <String ID="string_r1l67"
                          HEIGHT="66"
                          WIDTH="890"
                          VPOS="3730"
                          HPOS="2662"
                          CONTENT="due cohorti, ò compagnie. della Terza,"/>
               </TextLine>
               <TextLine ID="r1l69"
                         BASELINE="2658,3846 2701,3846 2744,3844 2788,3844 2831,3844 2875,3844 2918,3844 2961,3845 3005,3846 3048,3847 3092,3849 3135,3850 3178,3852 3222,3854 3265,3855 3309,3856 3352,3858 3395,3858 3439,3860 3482,3860 3526,3860"
                         HEIGHT="71"
                         WIDTH="868"
                         VPOS="3807"
                         HPOS="2658">
                  <String ID="string_r1l69"
                          HEIGHT="71"
                          WIDTH="868"
                          VPOS="3807"
                          HPOS="2658"
                          CONTENT="Mercatoria. et della Tertia Ministra"/>
               </TextLine>
               <TextLine ID="r1l73"
                         BASELINE="2646,3932 2691,3930 2736,3928 2781,3927 2826,3926 2871,3926 2916,3926 2961,3927 3006,3928 3051,3930 3096,3930 3141,3932 3186,3934 3231,3936 3276,3938 3321,3940 3366,3942 3411,3944 3456,3946 3501,3948 3546,3950"
                         HEIGHT="79"
                         WIDTH="900"
                         VPOS="3889"
                         HPOS="2646">
                  <String ID="string_r1l73"
                          HEIGHT="79"
                          WIDTH="900"
                          VPOS="3889"
                          HPOS="2646"
                          CONTENT="torià. Percioche leggemo quelle due"/>
               </TextLine>
               <TextLine ID="r1l76"
                         BASELINE="2650,4018 2692,4016 2735,4014 2777,4014 2820,4012 2863,4012 2905,4012 2948,4014 2990,4014 3033,4015 3076,4017 3118,4018 3161,4020 3203,4021 3246,4024 3289,4024 3331,4026 3374,4026 3416,4028 3459,4028 3502,4028"
                         HEIGHT="71"
                         WIDTH="852"
                         VPOS="3975"
                         HPOS="2650">
                  <String ID="string_r1l76"
                          HEIGHT="71"
                          WIDTH="852"
                          VPOS="3975"
                          HPOS="2650"
                          CONTENT="abbreviature. ĪĪĪ•MIN•Tertia Mini"/>
               </TextLine>
               <TextLine ID="r1l79"
                         BASELINE="2634,4094 2680,4092 2726,4090 2772,4088 2819,4088 2865,4088 2911,4088 2958,4090 3004,4090 3050,4092 3097,4094 3143,4096 3189,4098 3235,4100 3282,4103 3328,4104 3374,4108 3421,4111 3467,4114 3513,4116 3560,4118"
                         HEIGHT="79"
                         WIDTH="926"
                         VPOS="4055"
                         HPOS="2634">
                  <String ID="string_r1l79"
                          HEIGHT="79"
                          WIDTH="926"
                          VPOS="4055"
                          HPOS="2634"
                          CONTENT="stratoris. et ĪĪĪ•MERC; Tertia Mercato"/>
               </TextLine>
               <TextLine ID="r1l83"
                         BASELINE="2654,4172 2699,4171 2744,4170 2789,4170 2835,4170 2880,4170 2925,4172 2971,4172 3016,4174 3061,4176 3107,4178 3152,4179 3197,4182 3242,4183 3288,4184 3333,4186 3378,4186 3424,4188 3469,4188 3514,4188 3560,4186"
                         HEIGHT="67"
                         WIDTH="906"
                         VPOS="4137"
                         HPOS="2654">
                  <String ID="string_r1l83"
                          HEIGHT="67"
                          WIDTH="906"
                          VPOS="4137"
                          HPOS="2654"
                          CONTENT="ris della Natione pannona ò pure dice"/>
               </TextLine>
               <TextLine ID="r1l87"
                         BASELINE="2630,4252 2675,4250 2721,4248 2767,4248 2813,4248 2859,4248 2905,4249 2951,4250 2997,4252 3043,4254 3089,4255 3134,4258 3180,4260 3226,4261 3272,4263 3318,4264 3364,4264 3410,4266 3456,4264 3502,4264 3548,4262"
                         HEIGHT="73"
                         WIDTH="918"
                         VPOS="4211"
                         HPOS="2630">
                  <String ID="string_r1l87"
                          HEIGHT="73"
                          WIDTH="918"
                          VPOS="4211"
                          HPOS="2630"
                          CONTENT="Tertia Mercenaria Natione et Tertia Mi¬"/>
               </TextLine>
               <TextLine ID="r1l89"
                         BASELINE="2628,4332 2653,4332 2679,4332 2705,4332 2731,4332 2756,4332 2782,4330 2808,4329 2834,4326"
                         HEIGHT="61"
                         WIDTH="206"
                         VPOS="4289"
                         HPOS="2628">
                  <String ID="string_r1l89"
                          HEIGHT="61"
                          WIDTH="206"
                          VPOS="4289"
                          HPOS="2628"
                          CONTENT="nervia."/>
               </TextLine>
            </TextBlock>
            <TextBlock ID="TextRegion_1640185105218_821"
                       HEIGHT="2354"
                       WIDTH="1257"
                       VPOS="470"
                       HPOS="765">
               <Shape>
                  <Polygon POINTS="786,506 1728,470 1736,570 1885,570 1888,642 1951,630 1951,745 2022,745 2016,2822 765,2824"/>
               </Shape>
               <TextLine ID="r1l16"
                         BASELINE="1028,1057 1057,1057 1076,1052"
                         HEIGHT="61"
                         WIDTH="54"
                         VPOS="1009"
                         HPOS="1022">
                  <String ID="string_r1l16"
                          HEIGHT="61"
                          WIDTH="54"
                          VPOS="1009"
                          HPOS="1022"
                          CONTENT="D"/>
               </TextLine>
               <TextLine ID="r1l17"
                         BASELINE="1734,1050 1766,1052 1798,1054"
                         HEIGHT="59"
                         WIDTH="64"
                         VPOS="1013"
                         HPOS="1734">
                  <String ID="string_r1l17"
                          HEIGHT="59"
                          WIDTH="64"
                          VPOS="1013"
                          HPOS="1734"
                          CONTENT="M"/>
               </TextLine>
               <TextLine ID="r1l40"
                         BASELINE="1004,2456 1094,2459 1133,2458 1171,2456 1210,2456 1249,2454 1287,2453 1326,2452 1364,2450 1403,2450 1442,2448 1480,2448 1519,2446 1557,2446 1596,2446 1635,2446 1673,2446 1712,2446 1750,2446 1789,2448 1828,2450"
                         HEIGHT="62"
                         WIDTH="772"
                         VPOS="2414"
                         HPOS="1056">
                  <String ID="string_r1l40"
                          HEIGHT="62"
                          WIDTH="772"
                          VPOS="2414"
                          HPOS="1056"
                          CONTENT="C•AEMILIO•SEVERO"/>
               </TextLine>
               <TextLine ID="r1l42"
                         BASELINE="986,2529 1028,2529 1072,2524 1115,2529 1158,2527 1199,2527 1242,2520 1284,2520 1326,2518 1368,2518 1410,2516 1452,2514 1494,2512 1536,2511 1578,2510 1620,2510 1662,2510 1704,2512 1746,2514 1788,2517 1830,2522"
                         HEIGHT="68"
                         WIDTH="840"
                         VPOS="2467"
                         HPOS="990">
                  <String ID="string_r1l42"
                          HEIGHT="68"
                          WIDTH="840"
                          VPOS="2467"
                          HPOS="990"
                          CONTENT="⁊•N•PANN•VIX•AN•XLII"/>
               </TextLine>
               <TextLine ID="r1l44"
                         BASELINE="1016,2578 1047,2578 1079,2578 1111,2576 1142,2576 1174,2576 1206,2576 1237,2575 1269,2574 1301,2574 1333,2574 1364,2574 1396,2574 1428,2574 1459,2574 1491,2574 1523,2574 1554,2574 1586,2574 1618,2574 1650,2574"
                         HEIGHT="44"
                         WIDTH="634"
                         VPOS="2547"
                         HPOS="1016">
                  <String ID="string_r1l44"
                          HEIGHT="44"
                          WIDTH="634"
                          VPOS="2547"
                          HPOS="1016"
                          CONTENT="MIL•AN•XXII•ĪĪĪ•HER"/>
               </TextLine>
               <TextLine ID="r1l45"
                         BASELINE="1020,2644 1058,2641 1097,2638 1136,2637 1175,2635 1214,2634 1253,2633 1292,2632 1331,2632 1370,2632 1409,2632 1447,2632 1486,2632 1525,2632 1564,2632 1603,2632 1642,2632 1681,2632 1720,2631 1759,2630 1798,2630"
                         HEIGHT="47"
                         WIDTH="778"
                         VPOS="2608"
                         HPOS="1020">
                  <String ID="string_r1l45"
                          HEIGHT="47"
                          WIDTH="778"
                          VPOS="2608"
                          HPOS="1020"
                          CONTENT="VALERIA•FLAVINA"/>
               </TextLine>
               <TextLine ID="line_1640877933039_517"
                         BASELINE="1172,2692 1200,2689 1228,2688 1256,2687 1284,2684 1294,2683"
                         HEIGHT="43"
                         WIDTH="122"
                         VPOS="2660"
                         HPOS="1172">
                  <String ID="string_line_1640877933039_517"
                          HEIGHT="43"
                          WIDTH="122"
                          VPOS="2660"
                          HPOS="1172"
                          CONTENT="CON•"/>
               </TextLine>
               <TextLine ID="line_1640190826276_1100"
                         BASELINE="1204,2655 1269,2654"
                         HEIGHT="51"
                         WIDTH="66"
                         VPOS="2605"
                         HPOS="1204">
                  <String ID="string_line_1640190826276_1100"
                          HEIGHT="51"
                          WIDTH="66"
                          VPOS="2605"
                          HPOS="1204"
                          CONTENT="SIC"/>
               </TextLine>
               <TextLine ID="line_1640877933036_516"
                         BASELINE="1315,2692 1313,2696 1340,2694 1587,2700"
                         HEIGHT="37"
                         WIDTH="74"
                         VPOS="2657"
                         HPOS="1294">
                  <String ID="string_line_1640877933036_516"
                          HEIGHT="37"
                          WIDTH="74"
                          VPOS="2657"
                          HPOS="1294"
                          CONTENT="I•P•C•"/>
               </TextLine>
               <TextLine ID="r1l50"
                         BASELINE="996,2752 1035,2752 1074,2750 1114,2750 1153,2748 1193,2748 1232,2746 1271,2746 1311,2746 1350,2744 1390,2744 1429,2744 1468,2742 1508,2742 1547,2741 1587,2740 1626,2740 1665,2740 1705,2738 1744,2738 1808,2739"
                         HEIGHT="53"
                         WIDTH="788"
                         VPOS="2712"
                         HPOS="996">
                  <String ID="string_r1l50"
                          HEIGHT="53"
                          WIDTH="788"
                          VPOS="2712"
                          HPOS="996"
                          CONTENT="ET•PINNVS•PROBVS•H"/>
               </TextLine>
            </TextBlock>
            <TextBlock ID="TextRegion_1640185145016_827"
                       HEIGHT="1732"
                       WIDTH="1876"
                       VPOS="3124"
                       HPOS="752">
               <Shape>
                  <Polygon POINTS="762,3142 2625,3124 2628,4856 752,4827"/>
               </Shape>
               <TextLine ID="r1l66"
                         BASELINE="1074,3761 1100,3765 1126,3768 1152,3769 1178,3769 1204,3771 1230,3771 1257,3773 1283,3773 1309,3773 1335,3773 1361,3771 1387,3771 1414,3771"
                         HEIGHT="67"
                         WIDTH="340"
                         VPOS="3701"
                         HPOS="1074">
                  <String ID="string_r1l66"
                          HEIGHT="67"
                          WIDTH="340"
                          VPOS="3701"
                          HPOS="1074"
                          CONTENT="D•M"/>
               </TextLine>
               <TextLine ID="r1l70"
                         BASELINE="952,3874 978,3874 1005,3874 1031,3874 1058,3874 1085,3874 1111,3874 1138,3874 1164,3874 1191,3876 1218,3876 1244,3876 1271,3878 1297,3878 1324,3880 1351,3880 1377,3881 1404,3882 1430,3882 1457,3882 1484,3882"
                         HEIGHT="63"
                         WIDTH="532"
                         VPOS="3837"
                         HPOS="952">
                  <String ID="string_r1l70"
                          HEIGHT="63"
                          WIDTH="532"
                          VPOS="3837"
                          HPOS="952"
                          CONTENT="LICINI"/>
               </TextLine>
               <TextLine ID="r1l74"
                         BASELINE="962,3974 989,3974 1016,3974 1043,3974 1070,3976 1098,3978 1125,3980 1152,3981 1179,3984 1206,3986 1234,3986 1261,3988 1288,3989 1315,3990 1342,3991 1370,3992 1397,3991 1424,3990 1451,3989 1478,3985 1506,3982"
                         HEIGHT="73"
                         WIDTH="544"
                         VPOS="3937"
                         HPOS="962">
                  <String ID="string_r1l74"
                          HEIGHT="73"
                          WIDTH="544"
                          VPOS="3937"
                          HPOS="962"
                          CONTENT="VICTORIS"/>
               </TextLine>
               <TextLine ID="line_1640190317101_1041"
                         BASELINE="982,4089 1470,4084"
                         HEIGHT="55"
                         WIDTH="477"
                         VPOS="4041"
                         HPOS="1003">
                  <String ID="string_line_1640190317101_1041"
                          HEIGHT="55"
                          WIDTH="477"
                          VPOS="4041"
                          HPOS="1003"
                          CONTENT="ĪĪĪ•MIN"/>
               </TextLine>
               <TextLine ID="r1l81"
                         BASELINE="917,4156 1033,4152 1059,4152 1084,4152 1110,4152 1136,4153 1161,4154 1187,4154 1212,4154 1238,4155 1264,4156 1289,4156 1315,4156 1340,4156 1366,4156 1392,4154 1417,4154 1443,4153 1468,4152 1494,4150 1520,4148"
                         HEIGHT="53"
                         WIDTH="512"
                         VPOS="4118"
                         HPOS="1008">
                  <String ID="string_r1l81"
                          HEIGHT="53"
                          WIDTH="512"
                          VPOS="4118"
                          HPOS="1008"
                          CONTENT="NAT•PAN•MIL•A•XX"/>
               </TextLine>
               <TextLine ID="line_1641573342517_506"
                         BASELINE="1028,4220 1053,4218 1078,4219 1104,4220 1129,4220 1155,4221 1180,4222 1205,4221 1231,4220 1390,4220"
                         HEIGHT="54"
                         WIDTH="366"
                         VPOS="4173"
                         HPOS="1024">
                  <String ID="string_line_1641573342517_506"
                          HEIGHT="54"
                          WIDTH="366"
                          VPOS="4173"
                          HPOS="1024"
                          CONTENT="VIX•AN•L"/>
               </TextLine>
               <TextLine ID="r1l88"
                         BASELINE="898,4306 929,4303 961,4302 992,4299 1024,4297 1056,4296 1087,4296 1119,4296 1150,4296 1182,4296 1214,4296 1245,4296 1277,4296 1308,4296 1340,4294 1372,4294 1403,4294 1435,4292 1466,4290 1498,4289 1530,4286"
                         HEIGHT="74"
                         WIDTH="632"
                         VPOS="4250"
                         HPOS="898">
                  <String ID="string_r1l88"
                          HEIGHT="74"
                          WIDTH="632"
                          VPOS="4250"
                          HPOS="898"
                          CONTENT="A•DASIMIVS•SEVERVS"/>
               </TextLine>
               <TextLine ID="r1l65"
                         BASELINE="2028,3727 2371,3720"
                         HEIGHT="55"
                         WIDTH="44"
                         VPOS="3671"
                         HPOS="2324">
                  <String ID="string_r1l65"
                          HEIGHT="55"
                          WIDTH="44"
                          VPOS="3671"
                          HPOS="2324"
                          CONTENT="D•M"/>
               </TextLine>
               <TextLine ID="r1l68"
                         BASELINE="1908,3827 1947,3828 1976,3825 2004,3822 2028,3812 2057,3814 2086,3814 2115,3812 2144,3812 2173,3810 2203,3809 2232,3808 2261,3806 2290,3806 2319,3804 2348,3804 2377,3802 2406,3802 2435,3802 2464,3804 2494,3804"
                         HEIGHT="67"
                         WIDTH="582"
                         VPOS="3765"
                         HPOS="1912">
                  <String ID="string_r1l68"
                          HEIGHT="67"
                          WIDTH="582"
                          VPOS="3765"
                          HPOS="1912"
                          CONTENT="P•AELI•IVSTI"/>
               </TextLine>
               <TextLine ID="r1l71"
                         BASELINE="1924,3925 2277,3902 2304,3898 2331,3895 2359,3894 2386,3892 2413,3892 2440,3892 2468,3892"
                         HEIGHT="69"
                         WIDTH="218"
                         VPOS="3855"
                         HPOS="2250">
                  <String ID="string_r1l71"
                          HEIGHT="69"
                          WIDTH="218"
                          VPOS="3855"
                          HPOS="2250"
                          CONTENT="ĪĪĪ•MERC•"/>
               </TextLine>
               <TextLine ID="r1l75"
                         BASELINE="1902,3994 1931,3995 1961,3996 1991,3996 2021,3996 2051,3996 2081,3994 2111,3994 2141,3992 2171,3992 2201,3990 2230,3989 2260,3988 2290,3988 2320,3986 2350,3986 2380,3986 2410,3986 2440,3986 2470,3987 2500,3988"
                         HEIGHT="64"
                         WIDTH="598"
                         VPOS="3950"
                         HPOS="1902">
                  <String ID="string_r1l75"
                          HEIGHT="64"
                          WIDTH="598"
                          VPOS="3950"
                          HPOS="1902"
                          CONTENT="NAT•PAN•MIL•AXI"/>
               </TextLine>
               <TextLine ID="r1l77"
                         BASELINE="1896,4072 1922,4074 1949,4074 1976,4074 2002,4074 2029,4074 2056,4074 2082,4072 2109,4072 2136,4072 2163,4070 2189,4068 2216,4066 2243,4066 2269,4064 2296,4063 2323,4062 2349,4060 2376,4060 2467,4058 2430,4058"
                         HEIGHT="64"
                         WIDTH="534"
                         VPOS="4026"
                         HPOS="1896">
                  <String ID="string_r1l77"
                          HEIGHT="64"
                          WIDTH="534"
                          VPOS="4026"
                          HPOS="1896"
                          CONTENT="VIX•AN•XXXX•"/>
               </TextLine>
               <TextLine ID="r1l80"
                         BASELINE="1898,4150 1926,4152 1955,4152 1984,4152 2012,4151 2041,4150 2070,4148 2098,4146 2127,4143 2156,4141 2185,4139 2213,4135 2242,4134 2271,4130 2299,4128 2328,4127 2357,4125 2385,4124 2414,4124 2443,4123 2472,4124"
                         HEIGHT="75"
                         WIDTH="574"
                         VPOS="4092"
                         HPOS="1898">
                  <String ID="string_r1l80"
                          HEIGHT="75"
                          WIDTH="574"
                          VPOS="4092"
                          HPOS="1898"
                          CONTENT="..................."/>
               </TextLine>
               <TextLine ID="r1l84"
                         BASELINE="1904,4216 1932,4216 1961,4218 1990,4218 2019,4218 2048,4218 2077,4216 2106,4215 2135,4213 2164,4212 2193,4209 2221,4207 2250,4205 2279,4202 2308,4200 2337,4197 2366,4194 2395,4191 2424,4189 2453,4188 2482,4186"
                         HEIGHT="78"
                         WIDTH="578"
                         VPOS="4155"
                         HPOS="1904">
                  <String ID="string_r1l84"
                          HEIGHT="78"
                          WIDTH="578"
                          VPOS="4155"
                          HPOS="1904"
                          CONTENT="......................."/>
               </TextLine>
            </TextBlock>
         </PrintSpace>
      </Page>
   </Layout>
</alto>
