3800 5255
908 429 2540 89 da Romani, la quale Gallia da Ravenna a Felsina Bonomia, à Regio et Mutina si stende intra il fiume Heridano pa¬

920 527 2524 75 do, chel vulgo hora lo dice Pò, Da phaethonte nacque Lygur, et da Lygur nacque Cygno, che i greci vogliono, che

926 618 2500 89 Liguro diede nome alla Liguria, Phaethonte s'annego nelle palude padane et così Lygur che cercandolo si

894 712 2514 95 soffogò onde i poeti, per honorarlo fingono cascato Phaetonte dal carro del sole, fulminato: et dalla cui favola lo

914 811 2520 97 Eridano viene honorato come narrano Plinio, Ovidio et Virgilio. Cygno doppo Liguro regnando in Ligu¬

920 913 2504 83 ria cercando phaetonte nell'Eridano somerso finsero essere mutato in Cygno. l'Galli Cenomani passati

928 1008 2498 93 nella Transpadana con Cenomano loro signore, habitarono i confini de Venetiani. et questi passarono in

920 1100 2520 113 successione di tempo insino all'Istro fiume nell'anno seicento doppo il Dilluvio: Unaltra oppenione greca si

910 1205 2546 115 trova. Che nel Tempo che si è detto di Noe Iano ò Iaccho, et di nepoti, succederono nelhumana generatione

920 1301 2510 111 i Giganti, figliuoli detti di Caelo et dela Terra,huomini molto fieri, che sistettero da principio in Thessaglia

920 1401 2512 109 d'indi, in Thracia, et in Aegypto et nelli Campani Ausoni, i quali furono combattuti, nei campi phlegraei

926 1503 2508 98 di Thracia, di Thessaglia, d'Aegypto et nei campani: per che Iove della progenie di Saturno disceso da

932 1607 2504 88 Caelo ciò è da Noè gli perseguito conli Fulmini conli suoi figliuoli. In Aegypto furono superati da Osiri,

936 1709 2516 72 da Rhea, i quali furono chiamati in presidij perla guerra d'Italia, vennero in sussidio Osiris et Hammone,

914 1815 2552 66 Hercole detto Oros Aegyptio figlioli di Iside et d'Osiri. Lo quale Hercole generò Ilea, Agathyrso, Tusco, Gelo¬

924 1913 961 51 ne et Scytha: et Philimere Re de Gethi,

1900 1848 102 79 scythi

1885 1917 1593 67 Doppo i discesi dal detto Hercole furono quelli detti Arnij, Liburni,

924 2004 2560 89 Musaonij nati da Tusco. Doppo la inundatione anni seicento trenta cinque, à questi succederono i Thessa¬

916 2106 2556 91 li Pelasgi come di Strabone nel quinto libro che edificarono Ravenna. che fù l'anno seicento quaranta

936 2212 2516 101 nanzi che fusse edificata Troia da Dardano: tanto tirano altamente la Ravennata edificatione. Altri sento

908 2322 2598 89 d'oppenione, ditale antichità, affermano Ravenna essere edificata anni cento ottanta otto doppo lo incendio di

946 2432 2562 87 Troia, ch'è tutto il contrario, onde non sò à chi me credere: et tanto più quanto diessi allegano Archiloco, che

928 2548 2602 83 dice anni quattrocento ottantacinque. Et Manathone dice sei anni in nanzi alla primia olympiade, che cre¬

906 2656 2598 83 di indubitatamente sia errato tal tempo, che sarebbe mille cinquecento trenta innanzi alla edificatione di

918 2750 2614 77 Roma. Altri discorrono, e dicono, che Ravenna sia fatta l'anno l'anno mille cinquecento cinquantadue,in¬

920 2868 2588 55 nanzi al parto di Maria Vergine del nostro Dio Salvatore, che seria l'anno due mila trecento quattro doppo

922 2974 2349 42 il Dilluvio. seli synchronismi non errano. Et Philone dice anni duemillia dugento novanta sei

3270 2926 176 47 del mondo

3271 2974 213 34 come si

918 3046 2608 89 ritrahe da Eusebio nella chronica. Incui Ioanne Lucido, et Ioanne Pico della Mirandola, ne discorreno se¬

920 3140 2568 97 guitando la oppenione di Niceta greco scrittore. et cosi Paulo Orosio, il Beda, et il grande Alphonso Re di

926 3238 2586 103 Hispania: ma tutti con diverse discordantie, trattano le loro historie: Come fà Ricobaldo che conferma essere

912 3340 2626 117 Ravenna fatta dall'Hebrei. Altri discorso, che i Pelasgi fussero i primi. Confermano che Spina et Ravenna

922 3454 2586 107 essere impiedi già nell'anno ottocento trentasette nel tempo di Athyde Tyrrheno venuti dalla Maeonia.

932 3570 2578 95 Regione di Lydia, et fui dalui nova colonia fabricata, quando in Tuscia fecero Agylla Caere. et essi Tyrrheni

918 3680 2632 85 et pelasgi anchora con grave molestia passarono nell'Umbria.⁓ et in Ravenna. Altri affermano, che i Lacedento¬

936 3786 2596 95 nij venuti con pelasgi in Italia tragli Aborigini, et cacciati d'indi da Sabini Fecero Ravenna cavandone

924 3890 2614 97 i Thessali che vi trovarono de pelasgi, quando intalhor'furono dedutte altre colonie, come fù Camerto, Sena,

904 4002 2634 87 Arimino, S'assina, che sono nel luogo loro, chiamate dal vulgo Camarsio Senegaglia, Rimino et Sarsina, cosi da

936 4098 2560 91 moderne voci appellate. Hora havendo detto assai delli diversi oppenioni d'alcuni scrittori: ci pare

926 4222 2628 81 necessariamente, di mettere l'auttorita megliori, che si conservano in Stephano nella sua Onomastica. et voglio

928 4306 2626 77 no, che quando Ravenna era fatta erano anchora queste colonie. Feronia al Monte Sorapte. Agylla dove hora è Cer¬

924 4394 2590 89 veteri castello. pyrgo ove hora è corneto, Gravisco, Luca, Pisa sula marina Tyrrhena la pui parte, et

902 4498 2654 87 Ravenna sui Adriatico, Con Cyme et Spina. Stephano dunque senza altro ò tempo, ò state puramente par
