3800 5255
3053 211 122 50 18

3194 232 108 55 15

192 2894 19 50 c

98 2919 161 72 P•I on•3•

856 3691 300 64 Piedi • X̄I•

414 3747 2458 136 Cosi similimente si vede nella colonia Ariminense in Arimino, ove sono sculpiti gli iddij Tutelari d'essa

424 3826 2418 142 città. Iove et Iunione dentro quelli Rotondi luoghi. Cosi nell'antiche medaglie le porte delle colonie doppie

416 3910 2452 140 si vegono, onde il simile, è di queste della Nobilissima Ravenna. dove doveano essere, nelli Vani di quelli

440 3992 2436 142 Tondi l'effigie d'Hercole et di Diana Tutelari della città, come dall'altra parte di dentro, vi dovea essere

422 4084 2468 154 Iove et Neptuno, et non vi erano altramente quelli specchi chelvulgo dice esservi stati posti, che sono sugget¬

424 4182 2480 144 ti senza proposito. Dovea de Iure bello sulla sommita d'essa porta ornamenti Triomphali, segni di qua¬

424 4278 2464 144 drighe, di Trophei et della Vittoria; de Germani debellati et de Brittanni, sogiogati: secondo si puote giu

408 4375 2460 144 stamente credere. Come simili cose veggiamo nell'antiche medaglie di Domitiano conla Triomphale porta

424 4445 2446 166 quadrifronte, della Vittoria Germanica, in Troiano, con doppij carri guidati dalla Vittoria: et con carri

420 4524 2518 180 tirati da Elephanti, quelli di Domitiano, et da cavalli Tirato il carro di Traiano: et cosi similmente crede¬
