3800 5255
3048 202 72 50 35

3141 270 125 49 32

370 230 2771 88 RHODA, è città della Hispania, hora detta Rosas, donde Livio chiama il Rhodam ventum. et si dice Rhodabricense il populo.

388 302 2826 90 RHODA, è città de Rhodiori, sul Rhodano nella Narbonese Regione, come scrive Plinio: di cui è detto più oltre nelli Rhodiori.

394 368 2588 94 RHODANO, Rhodanus, ΡΩΔΑΝΟΣ, è fiume spumoso et repido della, che nasce dall'Alpine asprezze, et accresce dalle

418 456 2598 80 nevi che dalla rupe cadeno et fa un gran Fiume della celtica Regione, et della Narbonese, lo quale il vulgo chiama

432 550 2570 82 Rona. del quale Lucano nel terzo libro nella venuta d'Hannibale in Italia per l'Alpini Monti in questo senso d'esso fiu¬

418 642 319 73 me scrive:

732 644 1508 78 INDE FEROX QVAESITVM ARMIS PER INHOSPITATA RVPA

784 744 1280 74 VOLCARVM POPVLATVR ITER, TVMIDIQVE MINACES

750 836 1162 80 ACCEDIT RHODANI FESTINO MILITE RIPAS.

730 934 1224 76 AGGERIBVS CAPVT ALPINIS, ET RVPE NIVALI

740 1034 1410 64 PROSVLIT IN CELTAS, INGENTEMQVE EXTRAIT AMNEM.

760 1122 1392 68 SPVMANTI RHODANVS PROSCIDENS GVRGITE CAMPOS.

748 1218 1380 74 AC PROPERO IN PONTVM LATO RVIT INCITVS ALVEO.

352 1318 974 76 Poscia piu disotto dice il medesimo poeta

744 1414 1194 62 PAVLATIM RIPAE RESOLVTIS AGGERE VINCLIS,

748 1496 1320 70 AT GRECIS ALLAPSV FREME BVNDO TERRITVS ACRIS

752 1588 1244 66 EX PAVIT MOLES RHODANVS, STAGNISQVE REFVSIS

784 1686 1200 62 TORSIT ARENOSO MINITANTIA MVRMVHA FVNDO.

776 1778 1100 64 IAM TRICASTENIS INCIDIT FINIBVS AGMEN,

1869 1758 1171 74 et cetera: ed de'esso anchora havemo detto piu oltre

390 1860 2682 80 nella voce de Rhodiori populi Narbonesi et Celti della colonia Rhoda, dedutta da Rhoditi. et del medesimo

382 1940 2640 88 Rhodano fiume Tibullo nella settima Elegia inquesto modo ne scrive con altri fiumi celebri, come dell'

396 2058 1104 62 Arar'. et Rhodano, et Garumna, et del Cidno.

736 2138 1630 78 NON SINE ME EST TIBI PARTVS HONOS, TVA BELLA PIRENE

832 2225 1212 67 TESTIS, ET OCEANI LITTORA SANCTONICI;

760 2289 1658 68 TESTIS ARAR, RHODANVSQVE CELER, MAGNASQVE GARVMNA,

796 2351 1362 74 CARMOTI ET FLAVI CAERVLA LYMPHA LIGER

774 2415 1296 96 ATTE CIDNE CANAM, TACITIS QVI LEVITER VNDIS

836 2493 1230 91 CAERVLEVS PLACITIS PER VADA SERPIS AQVIS

772 2567 1442 75 QVANTVS ET AETHEREO CONTINGENS VERTICE NVBES

824 2624 1368 98 FRIGIDVS INTONSOS TAVRVS ARAT CILICAS. et cetera.

366 2732 2702 64 Et Silio Italico nel primo libro, in sieme col Rheno ne fa menzione dicendo. IAMQVE VOLANS RHENVM. RHODANVMQVE

372 2816 504 58 IN NVBILA TOLLIT.

286 2922 2788 76 RHODANICI sono detti i populi, che attorno al Rhodano habitano, che alcuni gli chiamano Rhodiori: ma nelle

406 3004 2650 76 anchita si trovano scritti Rhodanici, i quali dedicarono la imagine d'Hadriano imperatore in Roma in

402 3104 2692 56 questo senso trovata per Vialata dove fu il Tempio Heroico d'esso Hadriano, ch'era la dove è la chiesa di Santo An

1140 3190 478 60 tonio in Fulvitore

390 3218 722 44 IMP•CAES•DIVI

476 3298 594 52 TRAIANI•PARTHICI•F

534 3371 528 59 DIVI•NERVAE•NEP

422 3425 666 71 TRAIANO•HADRIANO

540 3501 480 57 AVG•PONT•MAX

430 3557 626 67 TRIB•POT•ĪĪĪ•COS•ĪĪĪ

588 3631 322 46 IMP•ĪĪ•P•P

502 3693 340 44 RHODANICI

396 3747 684 50 INDVLGENTISSIMO•PRINCIPI•
