3800 5255
2884 186 146 90 43

3174 317 102 50 40

454 402 2496 88 no si baciano, come per segno di allegrezza, et quelle Donne cosi pacificate chiamarono

484 508 2480 88 la nuova citta Roma, per un ricordo di quella generosa donna latina, che pria colle la

478 612 2468 100 tine et poscia con li Troiani le adolcirono et le strinsero nell'amore della amaicabile fe

466 722 2464 98 dutia, et per insino nelle nozze et matrimoniij s'invocava la madre Roma. Conferma

462 836 2506 88 questo costume Plutarcho. Ma Paullo antico Iureconsulto, scrisse che Romolo dal suo nome

466 944 2466 86 appello Roma, et non fù Romula, che per ampliare i vocabuli è stato tenuto. Percioche

472 1034 2484 84 Roma significa prosperità. et cosi dala: PROSPERIOSA PATRIAE SVAE OMINAREVTR, et

470 1136 2452 84 cosi termina nelle sue leggi antiche. Et Festo pompeio, recitando dela porta Romanola

480 1238 2452 88 che è una dele porte di Roma, la dice Romanola dall'Rominato Epistijlio, donde fluisce et

466 1332 2482 110 scola l'acqua per cio che viera una porta Romanola et Romana da alcuni detta, dela qual

462 1438 2494 104 parla Cincio nel suo monumento ch'era della sua fameglia sotto d'essa Romanola porta

466 1540 2478 128 instituta da Romolo, la quale era nel clivo dela Vittoria lo qualluogho dicono ch'era qua¬

468 1644 2476 133 drato et visi montava per piedi et gradi. Fu chiamata Romana,da sabini, per che appresso

486 1766 2454 103 all'andito dove si fermarono era Roma. ò pure per cheper quella essi sabini con gagliar¬

470 1874 2474 94 dezza entrarono nel capitoglio. Dela cuiattione scrive Macrobio con unaltro senso, che

470 1989 2480 79 sendo assaltato il capitoglio da nimici sabini corse dell'acqua dala porta per insino al Tem¬

466 2079 2458 95 pio di Iano Gemino, lo quale era posto sotto la porta Ianuale dell'antica Roma la quale

446 2184 2498 81 fu fabricata da Romolo, figliuolo di Marte et di Ilia. Et Verrio Flacco particolarmente

454 2288 2462 82 dice, che Romolo et Remo, comeanche disse Paullo furono appellati dala virtù et Robu¬

466 2396 2466 88 stezza. Il medesimo afferma Trogo Pompeio, citato da Grammatici latini, et nel me

470 2504 2450 102 desimo si compiace Plutarcho, et dice che fu fabricator di Roma, et fu da Romani ado

454 2618 2458 88 rato, et chiamato Quirino, etgli fecero Templi et altari, et per che credettero che bambi

466 2724 2452 90 ni fussero nodricati dala lupa sotto il fico Ruminale, vi furono posti essi fanciulli

470 2828 2440 92 nella grotta di Panaquivi prossima alfico, di opera di bronzo: et questo affermano

462 2940 2462 96 gli auttori che doppo alle guerre civili scrissero, et cosi si vede nella medaglie Roma

474 3052 2454 102 ne et danari; la onde i Romani serbavano ingrandissima custodia il detto Fico arbo¬

482 3181 2428 74 ro, et due case, l'una fatta da Romolo nel colle palatino nell'Angolo donde si andava

474 3284 237 72 dal foro

674 3241 144 44 Romano

711 3284 2195 90 al circo Maximo et l'altra nel capitoglio, come scriveno Vitruvio, et Diony¬

480 3390 2428 94 sio, et quando mancavano alcuni legni i sacerdoti Quirinali consomma diligenza velo

478 3490 2422 100 riportavano dinuovo. Tenivano memoria nel foro dela sepultura di Fostolo colla ima

458 3600 2428 94 gine di un leone; et nel Foro Boaria del Monumento di Accalarentia, notritori di

454 3708 2418 104 esso Romolo et Remo. Questa Accalarentia fù chiamata Lupa, perche sendo moglie di Marco

456 3811 2400 98 Fostolo porcaro nel colle palatino accommodava dela sua persona a i pastori, onde ne prese il no

446 3905 2402 114 me ò cognome di detto animale, o pure per che ella tolse i duoi bambini dal petto dela lupa,

446 4004 2456 124 et li allatto: havendoli trovati sula belletta del Tibere, et la lupa fugita nella Grotta detta di pan

466 4104 2372 132 et chiamata lupercale dela Vergine Romona. Et quivi quei duoi fratellini rimasero insecco

436 4226 2426 122 sendo slati gittati nel fiume suli gorghi, et retirandosi nel suoletto gli depose interra come per
