3800 5255
3154 98 102 105 91

3082 236 100 99 88

1116 158 328 74 DI ROMA

444 302 2428 112 Rovinandose le rovine d'alcuni monumenti nella Via Latina, tra l'altri epithaphij fu trovata questa Memo

476 400 2390 118 ria del sepulchro di Caio Telegennio optato lanthe, Viatore questorio et scriba deli libri questorij

478 504 2430 112 di tre Decurie. La quale memoria ha inse alcune figure di cose morali. Percio che nellato destro, è un pie

474 603 2420 116 di Lauro come è nel sinistro. Ove sono alcuni Augelletti che si nodriscono di suoi semi, et apie del Lauro è

494 696 2384 105 un Pelargo cio è Cicogna, che becca un serpe che escie da un' Teschio di bove perli occhi et si mette come

484 791 2416 95 infuga abeccare, che parche ci voglia significare perla testa del bove condutta in uno osso la fatica demor

494 875 2400 93 tali, et il serpe la prudenza et la custodia la vigilanza il mordimento dell'intelletto. et la cecogna la av

496 964 2398 97 vidita che cerca pascersi di cose inche la natura l'appetisce: quasi che voglia dare ad'intendere, chel

476 1051 2456 100 huomo nella sua fatica dee procurare quel che è piu utile alla sostanza et piu faticosa et piu vigilante per

2212 1140 678 77 sostanza virtuosa, come fece

2200 1228 712 73 Hercole che si diede alla fatica

2206 1349 702 60 et cura delle Muse. Dallato

2200 1427 678 66 sinistra appresso al medesimo

2188 1522 702 72 Lauro si vedeno die altre ceco¬

2190 1620 680 74 gne; l'una becca la coda d'una

2188 1718 722 72 lucerta, et la violenta, l'altra

2174 1818 736 74 finisce di devorare un animale

2190 1920 728 78 insino all'osso et spino. Significan

2182 2021 722 65 te le cose dela vita, che confatica

2182 2105 732 65 et con travagliosi stragi si rode

2172 2199 742 66 nel le mondane cose, et si consu

2176 2307 748 70 ma coltempo, et si muta per vio

2186 2399 776 66 lenza. et solo la virtu, è immor

2246 2485 674 68 tale, ande vi è il Lauro, che

2256 2578 674 72 è la vittoria et le cose Apolli

2270 2677 668 76 nari et le Muse, le qualifan

2234 2766 674 72 no che l'anima si nodrisce

2218 2864 912 84 Perlo mezzo dela fatica virtuosa di cose

394 2967 2522 65 immortali: Percio che perlo lauro si denota la virtù nobile et nodritiva nelle cose piu eccellenti, il pelargo, ò ce

530 3049 2390 63 cogna che afferra il serpe, è la pieta che si desidera nelle cose sostantiali. et prudenti. percio che esso Augel

520 3138 2406 71 lo nodrica la madre et il padre invecchiati, come deve colla virtù il figliuolo fare il simile cercando dele

524 3226 2392 75 cose prudenti. Et il lacerare della Lacerta, ci dimostra che la vita è mutabile, conciosia cosa che la la

548 3312 2384 82 certa è figura dela mutatione dela vita come dice Tertulliano, alla cui mutatione si dee procurare

534 3399 2374 73 le cose che piu sono laudabili, et di quelle nudricarsi. Nella parte di dietro cio è nel Tergo della

542 3489 2386 64 medesimo Base, ò Ara che si sia, vi è sculpito come una porta d'un' Tempio chiusa con due pilastri

548 3569 2372 80 con lo suo fronte spitio. et nel cui mezzo del vano di esso sono tre cose, una cratera, ò Tazza, l'orceo¬

556 3653 2336 74 lo versato atterra, et illituo, che mostrano cose dell'Augurij, et sacerdotio, come che essa Ara era fatta

540 3746 2362 90 per sepultura di alcuno Augure: ma poscia servi à quel Caio Telegennio optato lanthe, Viatore

554 3840 2384 80 questorio, pagato dal publico per servigio dell'Aerario, et scriba delle tre Decurie. Le quali Augusto

544 3918 2380 98 le aggiunse, et vi fece gli Ducennarij, per servigio delle Decurie, dequali nuovi officij parla

568 4012 2348 97 Svetonio, in Augusto et in Claudio imperadore. Ò pure la scoltura di essa porta del Tempio si

560 4110 2356 85 gnifica la cura che havea costui nella Quaestura, del Santo Aerario, che si costodiva, nel Tempio di Saturno

566 4210 2342 74 come cosa inviolabile. Ò pure significhera la consecratione per reverenza dell'Ara, come dedicata

552 4298 1148 76 all'iddij, ò Genio dela fameglia di Telegennij.

846 1622 484 76 DIS MANIBVS

742 1782 640 80 C•TELEGENNI

774 1894 582 72 OPTATI•LANTHI

752 2010 690 72 VIATORIS•QVAESTORI

792 2110 586 82 AB•AERARIO•ET

764 2210 682 76 SCRIBAE•LIBRARI•QVAESTORI

826 2312 604 72 TRIVM•DECVRIARVM
