3800 5255
374 371 2426 84 RHEGIO, è città di Italia nella Magna Grecia, da Greci scritta, ΡΗΓΙΟΝ, et da latini Regium.

416 463 2376 76 Fu pria colonia greca, et poscia de latini dal grande Augusto la quale chiamo RHEGIO IVLIA AV¬

410 563 2418 76 GVSTA COLONIA LATINA, ove pose soldati veterani. et Fu pria appellata Rhigion dall'esser posta

400 659 2444 82 sul freto tra la Sicilia et l'Italia, cio è dal spartire et Rhere, onde gli habitatori sono detti Rhe¬

406 758 2410 74 gini, et il cittadino Rhegino, come nel greco ΡΗΓΙΝΟΣ, et ΡΗΓΙΝΗ, cio è Rhegine ò Rhegi¬

410 852 2430 70 na la femina. Si come piace à Sthephano Byzantio. Fanne menzione Antigono nelle Olympia¬

406 958 2418 70 di in questo breve senso, che nella prima Olympiade secondo scrive Timaeo le cycale in

406 1049 2442 74 Rhegio furono fatte mute et non cant avano: per cio che egli nella historia de sicoli, o' vo¬

406 1143 2416 72 gliamo dire siciliani, fece memoria, che in Rhegio al fiume Hellece chel paese de Locri,

414 1240 2408 80 et di Rhegini destingue, è cosa maravigliosa, che le cycale cantano nella parte di Locri,

398 1336 2438 76 et in quella di Rhegini sono mute. et non vi e se non uno brevissimo spatio. Dele quali si di

398 1436 2472 78 cono cose favolose, l'una che nella olympiade prima come dice Diodoro Hercole le fece mute per¬

394 1538 2458 78 che lo destavano dal somno et riposo che prendea sotto gliarbori conl'Armenti tolti à Gerione.

386 1640 2474 78 et nellaltra regione, aducono nella seconda Olympiade questo. Essendo addunque venuto da

390 1746 2448 72 Delpho à Rhegio duoi coloni, ò habitatori, da Delpho Aristone, et à Locro Eunomo Cytharedi,

390 1848 2444 80 et questi sendo poi venuti à gara nel cantare, et suonare: Eunomo Locrense per segno di Vit

398 1942 2438 76 toria gli volo una cycala sula Lyra, il che sendo veduto con gran'chlamore, et vociferatione

368 2040 2460 76 fu gridato vincitore, et cosi rimasto Aristone Rhegino perditore, lo fingono dalla natura delle

388 2144 2444 76 cycale mute, ch'esse inlo paese Rhegino non visi sentono: Ma quelli che non piacque di dire,

392 2246 2436 76 che in una parte non vi cantano perla grossezza dell'aere, et nell'altra cantano per megliore

378 2340 2444 76 aria, attibuiscono la mutezza loro alli prieghi d'Hercole, che quivi non potendo quietare

390 2434 2470 74 perlo strepito, domandando à Iove ò alla natura gratia, diventarono mute per sempre. Hor dunque,

384 2528 2448 86 i locrensi nella Moneta loro da un lato fecero la lyra d'Eunomo conla cycala per rovescio della

386 2633 2440 73 Testa di Iove, et quando à quella di Apolline, ò di Hercole con la cycala. et li Rhegini fanno

384 2721 2452 71 il medesimo, per che alcuni dicono che perla Isolenza d'Aristone et suoi partiali. Eunomo heb¬

376 2814 2452 96 be la corona, per che una cycala delle Mute canto sula sua cythera, Di piu fanno i Rhegini

376 2906 2442 96 Arione Cytharedo sul Delphino affiso, nel rovescio della testa di Neptuno, per che costui appo di loro

374 3003 2458 100 s'arrichi. et d'indi ritornò à Mitymna sua patria, come è detto nelle Medaglie di Rhegio. Et fa

376 3091 2492 120 cevano, la Nave d'Ulysse assaltata da Carybdi et Scilla, nelli rovesci dell'imperadori Roma¬

374 3186 2490 128 ni perlo antico significato del valore et prudentia d'Ulysse, quando passo il freto periglioso, che al¬

376 3302 2478 136 lhora i naviganti grandemente temevano di passarlo. Hora per tornar' anchora alla natura de¬

350 3406 2466 114 le cycale, si trova questo che in niuno luogo dove è l'aere grave si sentono. Nell'attica che è bonissi

364 3492 2476 140 ma l'aria, vi sono piu grosse et piu cantarine, che non sono inaltra parte di Grecia, et gli Athenie¬

358 3592 2476 112 si portavano le cycale legate ne capelli per mostrarsi endigeni, cio è nati quivi et non d'altronde

356 3674 2462 128 venuti, per mostrar l'antica loro nobilta, sicome dicono Plutarcho, et Thucydide. Narra di piu

348 3776 2478 122 Antigono, che nella terza olympiade, in Cephallenia isola advenne; essendo quella divisa dal

360 3863 2450 141 phiume Cephallenio indue parti, da una le cycale non vi cantano et dall'altra parte si. Hora

354 3959 2460 128 di Rhegio fa menzione Ovidio nel quarto delle trasformationi. RHEGION, INGREDITVR, FERVENTESQVE

346 4037 424 82 AESTIBVS VNDAS.

298 4138 2532 124 RHEBA, ò vero ΡΗΒΑΣ, è nome di Fiume del ponto et Regione, come scrive Stephano, da cui il nome

358 4246 2480 111 gentile degli habitatori dice Rhebaei. Cosi, ΡΗΒΑΙΟΙ. con duoi diphtonghi. Cosi anchora li nomino

346 4357 2534 91 Artemidoro: et ΡΗΒΑΝ la Regione istessa secondo contiene il fiume nella pontica cosi gli habitan

354 4435 550 61 ti sono detti Rhebaei.
