3800 5255
2940 212 136 53 42

3159 312 92 54 39

406 378 2508 77 agiungeremo quel che dice Plutarcho, lo quale aducendo anchor' lui dell'altri oppenioni, dice che

424 474 2468 83 doppo, che Evandro prese il colle palatino, vi edificò la città, la qual chiamò dal nome dela patria

406 567 2502 102 lasciata in Arcadia Pallantio, ò pure da Pallante suo figliuolo. Poscia sendo decaduto illuogo, et edi¬

390 667 2526 98 ficato da sicari quivi venuti, gia doppo gli Argei, che passarono con Evandro edificarono unaltra cit¬

400 761 2520 109 ta, et la chiamarono Romana dal Rominare dell'animali l'herbe, sendo illuogo pieno di Greci, che

390 859 2518 123 firmati erano nelluogho chiamato Velia nel palazzo. et questa è una dele oppenioni, anchor' che recita

404 967 2480 120 Chreucha Scholiasta, nelle cose di Strabone et miscellame di Geographia: et Dionysio nell'Archeolo

404 1085 2524 110 gia di Romani, ove parlando delluogho chiamato Romone chiama la Velia Hypeleo, recitando deli prin

400 1193 2516 112 cipij di Roma, dove aduce altre diverse narrationi. Ma plutarcho sudetto, dice ch'essendo venuto Aenea

404 1317 2496 102 in Italia tra latini Aborigini, et combattendo coi sicari congran gagliardezza che i greci dicono Rome,

388 1429 2496 100 la citta che vi edifico doppo la vittoria chiamo Roma. Oltre Agathocle scrittore dele cose Cyziceni

398 1541 2486 93 disse in questo modo, nel Vaticinio di Helene, sendo espulso dala patria Aenea venne in Italia, et

398 1633 2486 105 dal nepote di suo figliuolo edifico Roma, et detta dala figliuola di Ascanio, nepote di esso Aenea, la

402 1739 2506 118 quale si chiamava Rhoma. Et dala venuta di costui in Italia si diceva che furono i Troiani et phry¬

374 1853 2518 104 gij trasportati, dai quali discesero i potiti dela Phrygia natione, co quali prima quivi nel colle pala

396 1955 2490 112 tino si fermarono, et vi fecero roma, et havendo occupato el colle detto Palazzo vi edificarono il

392 2067 2484 112 Tempio di Fidio nell'edificar essa Romana colonia in memoria del valore la chiamarono Romona

396 2187 2454 94 Et questo Agathocle, et altri scrittori dicono quasi il medesimo, come cose ch'erano dette incerta¬

378 2290 2486 113 mente in grecia: ma coloro i quali pratticarono presso latini scrissero altrimente, et piacendogli

390 2390 2448 121 di dire dele cose, narrarono gliantichi oppenioni, et alfini s'appigliarono à Romolo et Remo

374 2497 2472 118 nepoti di Numitore. Oltre dicono che inquesto tempo Aenea fù morto al Fiume chiamato Ho¬

398 2623 2448 108 loro alla città Rerecynthia prossima al fiume, et dicono che dala progenie di Aenea venne

390 2739 2450 104 cui diede il nome à Roma. Lo quale fu Romo che conseco passò in Italia. Maquelli i quali disse

374 2853 2462 102 ro che Aenea morì al fiume Numico inlatio, et non sendo trovato fu adorato per Iove indigite

378 2973 2502 104 referiscono che egli generò Iulo di Chreusa, et havendo presa Lavinia figliuola del Re Latino Iulo

378 3101 2480 82 Ascanio doppo la morte di suo padre edifico Alba: da costui discesero i Re Albani, cio è da esso Iulo

376 3211 2490 88 Ascanio sendo procreato Silvio, et questo Poshimio, da cui nacque Silvio, da questo Latino, da costui

380 3327 2476 74 Alba Silvio, et questo genero Egitto, Athi, da cui nacque Capy, da questo Capeto, da cui Tibe

386 3423 2442 86 rio, et questo genero Agrippa Silvio, da questo Remo Silvio, che mori di saetta celeste, costui

374 3535 2432 88 genero Aventino, da cui nacque Proca, et da costui nacque Amulio et Numitore, et Amu

382 3643 2434 92 lio cacciato dal stato Numitore et posta la figliuola di esso Numitore detta Ilia Silvia Rhea

366 3758 2428 81 nel governo del tempio di Vesta accioche come per castimonia non generasse stirpe alcuna

380 3861 2408 81 chel potesse molestare: non so come volle la sorte gli falli il pensiero, fu costei ingravidata

374 3966 2410 82 di Romolo et Remo, et sendo la cosa presentita da Amulio gli mando ad'annegare in lo fiu

382 4064 2402 82 me che hora si dice Tiberio, et che si diceva Albola ove s'annego Tiberio sudetto et dalui fu

386 4169 2394 86 appellato, et questi duoi fanciulli per opera di Numitore suo avo furono allevati secreta

2992 1814 238 164 POTITI.

2996 2038 120 154 FIDIO
