3800 5255
2975 216 148 50 26

3139 253 124 62 23

518 380 2372 113 REATE, è citta illustissima di Italia nelli sabini, posta nell'Ubelico di Italia secondo scrive Varrone,

530 467 2354 124 ella è situata sul Fiume Vellino sù un poco di poggio di poca altezza, bella et gran città insino ai no¬

536 555 2346 138 stri giorni. et fu pria edificata dall'Umbri, poscia occupata da latini Aborigini et mesticati con spar

568 664 2322 125 tani che passarono in Italia per carestia del vivere tennero la parte del latio novo circa al sino det

576 743 2316 154 to Amicleno et in Antio, dove apparentanti coll'aborigini latini si stesero in questa parte dela sabi¬

566 857 2304 128 nia Regione dila de Monti Falacrini, habitarono Reate citta allhora degli Ombrici, ò Umbri,

572 949 2304 108 et Uilumbri. poscia questi cacciati da paesani rimasero sabini venuti quivi dali curitani

564 1033 2316 112 habitatori di Curis città parimente di sabini crustumini. Hoggidi questa città chiamano Rieti,

560 1111 2328 122 et delle sue antichita, si trova questa Base rotonda nel mezzo della sua piazza, sopra dela quale

540 1197 2334 116 fù gia la statua di Sancte Sabinorum, che è il Genio altrimente detto Sango, et alcuni il chia¬

552 1285 2330 115 mano Genio, altri Enialio, figliuolo di Marte, alcuni vogliono che sia Hercole altri Apolline

542 1374 2362 106 percio che tutti gli iddij secondo i Mistici sono il sole et questo è Apolline, Ma di questa varieta haven

550 1468 2322 96 done scritto con longha narratione qui solamente narraremo della bella et maravigliosa pietra di

510 1544 2362 115 questa dedicatione, dela quale parlarono volentiera si perla vaghezza delle favole che contiene, si perla

538 1636 2330 101 magnificentia del Marmo, come perla eccelentia del scultore, che dottissimamente lha sculpita con

534 1712 2318 101 molto figure di basso rilievo, percio che attorno contiene un'ordine, di persone, che sacrificano,

544 1786 2328 122 et appresso à loro, in unaltra partita vi stanno le Muse, fralequali si ritrova Hercole vestito da Mu¬

536 1868 2314 124 sa, et esso è quello che fornisce il numero di nove, per che delle muse non visi mostrano, più che otto,

532 1955 2330 118 et lui nove,e livestimenti di cui egli è vestito, sono sottilissimi che si scorgeno i suoi rilevati mem

548 2035 2294 115 bri, et porta la clava in mano, et la pelle del leone intesta colvolto ordinario, che si suolefare à lui

520 2119 2336 121 colla barba crespa: et folta. Laqualcosa non vuole dire altro, chequel significato perlo quale egli si

542 2201 2334 128 usurpa col cognome di MUSAGETE, che à noi tanto suona come à duce dele Muse, come tutti i poeti

534 2292 2336 127 glielo danno. La maniera dunque dela scoltura di essa Base è Greca: et dinanzi tiene sculpiti quei

522 2374 2400 145 versi qui copiati. Questo Lucio Munio, di che le lettere parlano, hanno voluti alcuni, che sia Mum

516 2463 2374 140 mio che disfece corintho, et s'ingannano, percio che si trovano duefameglie la Munia, et la Mum

520 2551 2360 154 mia, che hanno non so che del suono medesimo, ma sono differenti, come sono i Cafurnij, etli

520 2633 2342 155 Calpurnij, che vengono da sabini in Roma. Et non è dubbio alcuno, che nell'antichi Fasti Mum

504 2707 2338 158 mio si chiamava quel Lucio che rovinò Corintho, come si trova ancho, presso di questi scrittori,

520 2787 2334 172 Plutarcho, Appiano Alexandrino et tutti gli altri historici che di lui parlano: in ogni luogo si trova

500 2867 2312 172 Mummio, et non Munio lo quale conviene esser questo, non quello ma unaltro. È da notare ancho

516 2955 2312 160 quel ultimo verso quella ortographia di ATQVE, percioche da moderni si scrive ADQVE, la qual'

496 3033 2342 188 maniera è goffa, et si comincio à scrivere per .D. nei tempi di Iustiniano ò poco più arretro: ma

504 3127 2348 194 col .T. altempo di Augusto si scriveva come si puo discernere in molti antichi epithaphij di quel tempo più

498 3227 148 70 antico.

2598 3327 232 82 Scrive Dio

2565 3416 271 78 nysio Alicar

2560 3501 300 85 nasseo, che Rea

2552 3605 300 67 te fu edificata

2556 3689 278 77 ancho dali Oe

2550 3785 268 76 notri, et dall'

2556 3875 288 86 Umbri, ove nel

2538 3973 296 88 colmo della citta

2512 4079 300 80 fecero il Tem

2516 4171 322 76 pio di Pallade.

1048 3618 494 82 SANCTE

646 3689 1618 108 DEDECVMA•VICTOR•TIBEI•LVTIVS•MVNIVS•DONVM

650 3755 1496 104 MORIBVS•ANTIQVEIS•PRO•VSVRA•HOC•DARE•SESE

660 3820 1546 109 VISVM•ANIMO•SVO•PERFECIT•TVA•PACE•ROGANS•TE

658 3895 1496 91 COGENDEI•AC•DISSOLVENDEI•TV•VT•FACILIA•FAXEIS

658 3957 1608 87 PERFICIAS•DECVMAM•VT•FACIAT•VERAE•RATIONIS

654 4018 1624 88 PROQVE•HOC•ATQUE•ALIEIS•DONIS•DES•DIGNA•MAERENTI•
