3800 5255
886 561 678 76 delle Cisterne inquesto senso:

866 457 986 94 ostie del pado fiume detta Messanico padusa et

1835 449 56 50 al

1852 487 1604 112 Spinetico. Viene anchora nominata Ravenna da Martiale nell'acqua

1564 579 1462 94 SIT CISTERNA MIHI, QVAM VINEA, MALO RAVENNAE,

1638 663 1326 94 CVM POSSIM MVLTO VENDERE PLVRIS AQVAM;

1582 758 1500 102 CALLIDVS IMPOSVIT NVPER MIHI CAVPO RAVENNAE.

1682 850 1316 88 CVM PATEREM MIXTVM VENDIT ILLE MERVM•

930 2747 610 66 ò dubia à chi non sa le cose:

876 927 153 70 Sinqui

1029 933 2405 116 tuttigli sopradetti oppenioni d'Historici: potemo agilmente credere non havendo sopra d'essi nulloicontrario.

894 1024 2536 110 Ma volendo ricercare per sottile tutta la sua antichità per più antico origine, non è dubio che si trova come

902 1112 2526 102 ha dato materia à molti d'altri oppenioni: et sono stati alcuni, ch'essa sia fatta delle reliquie di Spina città

902 1219 2550 92 colonia de pelasgi ch'era sul pado fiume nella parte del Messanico. Spinetico che fù edifico di Diomede secondo

886 1317 2566 90 plinio delli Thesori di Delpho, il che Dionysio et Strabone confermano essere così stata Spina edificata: et anchora

898 1409 2554 88 al tempo loro mancata: onde eglino non dicendo che di Spina fusse fatta Ravenna, non è da credere alli moderni

908 1503 2524 76 che credono, che Spina facesse Ravenna. pure avegna come si vuole Ravenna confinava conlo contato

912 1595 2552 94 di Spina perla contiguo paese. Donde s'ingannano, per cio che altro è Ravenna et altro è Spina, ambidue città

894 1703 2544 82 antichissime, et nobilissime, in uno medesimo tratto di mare, l'una sul pado Spinetio Messanico primaro: l'alora

902 1800 2546 83 più discosto assai confinanti di territorio et in uno litto, et per questo Martiale perla continuità del paese, ò litto

894 1890 2586 77 Lo chiama di Spina Ravenna nell'Asparagi paesani, ove sono generosi: ma non per questa auttorita di Martia¬

888 1977 2542 76 Le fà che Ravenna sia Spina, ansi siano sempre due città. Per cio che Spina fù sul Fiume Pado sudetto nel Ri

902 2073 2594 84 vo cognominato Spinetico Messanico secondo Dionysio Halicarnasseo, et Ravenna situata in altri diversi fiu¬

902 2161 2598 94 mi chiamati Anemone, Montone Viti et Sapi. ove circa et nella confluentia di questi intrapresa, sivede situa¬

894 2263 2578 72 ta: et dal portare materia nel mare lo quale si scarca d'essa materia hanno discostata la città dall'onde salse et

912 2357 2548 76 è adentro terra, ove pria era sul mare, et perlo incrimento dellitto giace adentroterra. Et non è da dubitare

896 2451 2550 80 che'essa non sia nel medesimo sito ove era stata sempre quando il mare la bagnava. Ordunque sendo come è

920 2555 2518 75 detto il spinetico paese congionto col Ravennate Martiale nel distico ventesimo primo del decimo terzo libro

908 2654 522 66 de suoi carmi laudando

1426 2610 73 52 gli

1430 2647 2012 68 asparagi di Spina et di Ravenna sforzato dal verso dice questa sententia ambigua

1540 2745 1422 66 MOLLIS IN AEQVOREA QVAE CREVIT SPINA, RAVENNA

1824 2828 1156 81 NON ERIT INCVLTIS GRATIOR ASPARAGIS.

902 2928 2524 75 per chè tutto aegualmente nel paese di Spina e di Ravenna nascono i sparagi di formosissima qualità. Altri

894 3022 2540 83 con altri oppenioni dicono, Che Ravenna fusse detta Navenna, dalla navigatione delle sue acque sendo in

898 3111 2572 89 paese molle, per che presso d'essa sono i quinque mari stagni defiumi che per diversi luoghi gli italici vi na¬

894 3193 2522 83 vigavano. Per chè anchora sendo dove concorrono et rompono i fiumi col constrasto ancho del mare ne viene detta

886 3293 2546 80 Ruenna. Altri per conto della sua antichità, vogliono che fusse stata pria edificata dalli discesi di Noè da suoi

886 3387 2590 88 nepoti, dipoi da Thessali.⁓ Ma pria secondo dice Beroso fù colonia dedutta da Noè, quando molte città fece edi¬

892 3491 2582 78 ficare,nella successione doppo il Diluvio universale. et nelle edificationi vi mando Gomer, Gallo, Comer, et Ia¬

894 3588 2540 75 pheto suoi figliuoli, et mando questi nella parte d'Italia che fù detta Hetruria et dipoi Tuscia. Onde i Nepoti

870 3685 2568 70 suoi nati di Iapheto, dipoi mando nell'Armenia, et d'indigli conduste in Italia, cosi è la oppenione di Beroso, et

894 3775 2606 76 che facessero alcune città in Hetruria, et da essi nacque Ravenna. Altri dicono che, che furono da Noè manda¬

886 3873 2608 74 ti, Crano et Crana, che in Italia sul Tibere fiume Regnarono nella Hetruria, et nell'Umbria, che occuparono,

886 3963 2556 80 et vi habitarono su' gli carri perle acque, trovando quasi tutto'l paese undoso ò Umbroso et male culto:

890 4064 2598 75 de pochi habitatori, dove in Hetruria la città Veio, che fù appellata cosi nella voce Armenica che suona Sagu

886 4159 2602 80 ò Mantello per uno certo augurio. et fecero Agylla citta che poscia da Tyrrheni fù detta Caere. Et furono que¬

872 4253 2602 84 sti appellati Curuli dalli Curri, ò carri che usavano. et dalli sacri misterij detti Hetrusci.⁓ et questi vogliono, che

872 4357 2628 88 facessero Ravenna, onde ne fù detta Colonia Hetrusca. Altri a questo dicono che successe la edificatione de sabi¬

882 4451 2598 76 ni, l'anno doppo il Dilluvio Cento quarantuno. Vogliono che intermine di dugento anni per varij accidenti et

880 4547 2620 68 mesticanze de populi, furono detti Tusci,Sagi Vei, Armeni et Umbri, ò Umbroni come avanzati dalle acque,
