3800 5255
3059 171 76 50 7

3215 219 90 52 4

380 263 2674 104 RAETEIA, et Raetia, è provincia et Regione dell'Europa, donde sono detti i popoli Raeti, et ΡΑΙΤΟΙ. dala

396 354 2674 93 sua Regiono, che, ΡΑΙΤΕΙΑ, scrivono i Greci, nelli buoni testi, et ci sono popoli bellicosissimi: forti d'animo. i quali

398 434 2680 111 alcuni per errore di Testi scrivono, per .H. RHAETI, et cosi senza spiratione alcuna nel fine. et nel'vero essi sigab¬

398 514 2704 115 bano, per che i Marmi antichi hanno la spiratione nella prinia per .AI. et nell'ultinia, per .EI. onde nelle medaglie

398 596 2682 118 si legge Restitutori RAETIAE, come nella medaglia. di Traiano Raetei, in quella di Hadriano EXERCI¬

426 696 2614 99 TVS RAETICVS. Onde i moderni invece di Raetia, ò Raeteia, hanno fatto Rhetica, et Rhatia, et non si

410 792 2642 89 vergogno Uniphrio patavino, di scrivere la prima volta, con falsa construttione. La onde noi per non errare,

422 893 2680 83 lhavemo mostrato con l'uso dell'antica phrase scritta, per ciò che in tutti i modi le antichita havemo voluto osser¬

430 991 2622 67 vare; pronunziandola come pria facevano gliantichi, che la scrissero conla .I. longa, et conla spiratione, dell'EI.

424 1080 2628 71 per modo, che ri significa, l'uso della pronuntia, et della parola longa. In questa Regione addunque gli antichi

406 1169 2644 72 imperatori, et cominciando da Augusto, Troviano alloggiato una delle trenta legioni, chiamata dalluogo dello

410 1267 2674 68 allogiamento Exercitus Raeticus, sicome si trova figurato et scritto nelle medagle d'Hadriano, et presso

424 1355 2594 65 Dione. Ove esso imperadore l'assigno et rinovo, come fece nella visitatione dell'imperio, nell'altre legioni,

420 1433 2636 63 dette Exerciti, come lo Illyrico, delli Illyriciani, lo Dacico, lo Syriaco, il Norico, lo phrygio, l'Achaico. il

408 1515 2652 68 Cyrenaico, il Macedonico, il Bithynico, il Brittannico, il Mauretanico, l'Arabico, et Armenico, et dell'altri, nell'

412 1601 2652 70 altre provincie, incui esso imperatore, havea fatte alcune cose, per utili et fermamento d'esse provincie. Come

418 1689 2618 65 particolarmente nella Rhaetia. et nella Gallica. ansi per insino all'India ove erano li confini dell'imperio,

420 1773 2640 79 pertutto haveano poste le legioni per frenare, coloro che volevano violentare i termini voltando le spalle alle fede.

422 1857 2620 87 Ordunque della Raetia: scrive Plinio nellibro terzo alcapo decimo nono, et al capo ventesimo, ch'l Alpi sono habita¬

430 1942 2608 91 te, da molti populi, etli più nobili sono quelli che tengono da Pola alla Regione di Trieste, ove sono Sacussi, Su¬

422 2031 2602 92 bocrini, Atali, Manocaleni. et presso à Carni quegli che gia furono detti Taurisci, che hoggidi sono detti Norici.

418 2133 2650 82 et questi sono vicini à Raeti, et vendelici, tutti in molte città divisi, et si stimano molto antichi essere, secondo alcu¬

436 2217 2598 87 ni dicono, che quivi venissero di Thoscana, con Raeto loro Duca. et cacciati d'indi da Galli, si ristrinsero dipoi nel

426 2313 2638 63 petto che'l Alpi volgono all'Italia, ove sono i popoli habitatori de Monti Euganei. et haveano lo privilegio da Roma¬

444 2399 2574 65 ni, che haveano i latini. de quali Catone racconta trentaquattro città, delle quali sono i Triumpilini Venali, cosi

426 2485 2610 66 detti come populi venduti, con suoi paesi. Dipoi sono Camuni, con molti finitimi populi, attribuiti alli Municipij. Le¬

422 2579 2620 70 pontij, S alassi, Taurisci. Ma alcuni dicono, che i Lepontij, essere dela stirpe, di quelli che quivi rimasi erano dell'

428 2677 2616 72 essercito di Hercole, per havere quasi perdete le membra perlo freddo degli Alpi, et per questo esser lasciati. il che

448 2767 2624 82 pare, che'l nome loro demostri, per che come arbitro Catone guidicò esser detti dala voce, ΛΕΠΕΙΝ, ò ΛΗΠΙΝ, cioè

446 2865 2574 70 dala lesione de membri, onde Leponticos furono nominati. et cosi nel transito delle Graie Alpe vestarono quelli

434 2963 2590 68 dell'Euganeo, et sono nominati Euganei, Stoni, Raeti, Vennoni, et Saruneti, et si stendono insino al nascimento

434 3059 2598 70 del fiume del Rhodano inquell'Alpe che vi sono finitime, ove sono stati habitatori favoriti, come donati ali paesani,

452 3161 2580 70 il latino privilegio, et questi si dicono Raeti octo durensi finitimi, alli centroni, et alle cottiane città.

442 3263 2570 72 dell'Hetrutia, et da Lyguria discesi, et questi è quanto alla parte de Raeti popoli, Alpinei. dove fu assestiato,

442 3359 2584 74 il Raetico essercito, prinia dal grande Augusto. et poscia rinovato da Hadriano, accio che fusse freno alle in¬

454 3453 2570 70 cursioni dele genti dila dell'Alpi, come scrisse, Mauritio Bybliothecario Lateranense, in una sua epistola. Et

464 3545 2556 80 questi Raeti popoli sendo pieghevoli, piu che'l altri habitatori nell'Alpi. Nonfurono scritti i nomi loro, per

454 3633 2560 80 tropheo, comedell'altre nationi alpinee, che sottomesse per forza da Augusto. per cioche aderendosi, alla for¬

452 3721 2578 90 tuna d'esso Imperatore, rimasero come amici liberi. et quei che furono riputati nimici soli furono nota¬

456 3823 2550 84 ti et scritti nel Tropheo che Augusto dedicò nell'Alpi, et cio fece come superati, et abbassati nella loro ferocità.

430 3919 2594 80 Scrive Phegonte Tralliano, che essendo, in Athene prefetto Dionophilo, et in Roma Quinto Veratio, et Gneo

450 4019 2556 70 pompeio Gallo Consoli, una Donna partori nelli Raetij, di uno huomo practorio mogliere un Mostro. et in

454 4122 2572 69 Roma unaltra partori una Simia, che fula moglie di Cornelio Gallicano, et havea il capo di tauro, comeuno

454 4219 2566 72 Anubi Dio D'Aegypto. Ora per tornare al sito della Raetia. Ptolemaeo nellibro secondo referisce, ch'essa Re¬

456 4317 2528 66 gione verso l'occaso del sole, hàli confini con il Monte Adula col fome del Danuvio, et il Rheno er per

3158 1942 228 52 Trieste Terg

3209 2000 183 58 stes citta
