3800 5255
1108 303 2438 203 nel sinistro braccio tiene una Targa ò scudo, col timone alzato colla ruota dritta sotto l' piede, è conla

1117 433 2419 209 destra mano ha un'hasta che pare che à furor'muova quella cio è la vibra. Il simbulo dela Fortuna don

1143 554 2413 162 nesca detta Muliebre, è Feminile Virile, la ornarono dela Toga et Tunica Succinta, colla cintura ò cesto

1130 646 2379 160 di Venere lavorata di varij fiori, et tiene i vezzi al collo, colla mano destra il Naspo, colla sinistra il Timo

1128 724 2376 162 ne ò gobernacolo di Nave, con bei capelli intricciati pendenti sule spalle, con un piede sopra una palla

1125 854 2386 134 ch'è il suo sasso difficile ch'ella muove nell'humana vita. Quella che schiettamente chiamarono Virile

1115 958 2403 143 ha il viso di un formoso et vago Giovane, colli capelli ricci davanti et didietro assai longhi, vestita di

1125 1019 2391 164 Toga et di Tunica non molto longha; colla man'destra regge una palla, colla sinistra un hasta colla

1110 1167 2392 174 ruota allato, con le mammelle rilevate et alte à guisa di Donna. La Fortuna Loguace, ò parlatrice

1115 1282 2360 145 et faconda, hanno fatta colla bocca aperta, colli capelli acconci intrecciati in modo che gli cuopreno

1125 1379 2392 167 gli Orecchi; or nata nel corpo di sottilissimi et minuti veli, con un mantello sopra di falde pure, et

1093 1502 2424 122 grosse. Col caduceo di Mercurco mostra accennare, et colla mano sinistra tiene il Timone con una

1098 1623 2400 112 lima, hale ali sugli homeri, et una palla sotto depiedi. Fortuna Regina, cio è quella deli Re, colla

1110 1735 2348 118 mano sinistra ha il Timone col Ramo di olivo, colla palla sotto il Timone istesso, conla destra porge tre

1111 1832 2386 134 corone, l'una Rostrata, l'altra Vallare, la terza è d'una Benda, cio è fascia che viendetta Diademata et Mit¬

1111 1934 2374 139 hra: con alcune stelle sula cima del Fronte, vestita disotto di Tunica, et di sopra di un paludamento Mili¬

1100 2052 2395 143 tare. La Equestre, Forsfortuna, che fuadorata in Roma presso il Circo Flaminio, et in Antio città di Volsci,

1086 2172 2394 115 colla destra mano Frena un cavallo, è conla sinistra ha un Timone appoggiato su una palla. Altri lhanno

1091 2270 2407 143 fatta informa di due Donne collegate insieme. Altri lhanno fatta accavallo, coltimone inbraccio. Havea

1096 2382 2370 141 quella fortuna detta Fidele, ò Fidelis. et Prospera, et Victrice. qual dipignevano colla destra mano con una

1101 2473 2377 150 Vittoria che porge una corona, conla sinistra il Freno dela Nave della mondana Vita, et col piededestro po¬

1081 2565 2377 154 sato sopra il Mondo, et assedere, conla spada cinta è vestita di clamide. quella che dicono Tranquilla, ha il

1080 2689 2393 165 piede sul rostro dela nave, colla destra il Timone, colla sinistra il corno dell'abondantia, vestita di stola et di

1042 2787 2425 160 Mantello, ò palla come il vogliamo chiamare. Fu sculpita quella che chiamarono di Liberi; colla mano

1057 2870 2415 135 destra porge un capello, ò pileo, et conla sinistia un Timone conla palla il capo raso tutto eccetto sul fron

1039 2985 2401 146 te che ha unpoco dicapelli tanto che para esser stata rasa, et ha nella sommita del capo un Vaso, et cinto

1043 3087 2422 132 d'una corona come di olivo. Ora questi altri epitafij dela Fortuna sono stati trasportati nella Villa Iulia

1606 3184 1871 159 et il Terzo del Maestro del Vico Veridiario. Fu trovato, nella Via Appia et trapor

2487 3294 943 105 tato nella casa del Vescovo d'Aquino: nel

2485 3380 1020 129 quale s'acconcia un luogo di Victore lo quale

2483 3458 1017 149 mette il Vico Veridiano, che vuole dire Viri

2484 3544 193 105 diario.

691 3640 397 127 Nella Villa di papa

719 3722 251 102 Iulio terzo.

1168 3430 76 81 L

1123 3481 202 125 AVID

1162 3562 112 88 IVS

1116 3632 196 91 PRAE

1135 3705 163 90 SENS

1120 3786 208 80 FORTV

1152 3851 135 88 NAE

1097 3915 192 95 AEDI

1114 3987 205 105 CVLAM

1638 3366 723 126 FORTVNAE•TRAN

1734 3458 546 123 QVILLAE•FEL

1599 3538 796 166 PRO SALVTE•IMP•CAES

1615 3659 763 110 M•AVRELI•COMODIAVG

1701 3762 675 155 COR•SANDALIARI

1906 3865 220 111 D•D

1643 3919 690 157 CVRANT•ET DEDIC

1639 4048 738 112 M•AVRELIVS•M•L•EVTYCHV

2316 4017 54 66 S

1652 4127 684 130 M•AVRELIVSM•L•SYRVS

1851 4200 425 151 MAG•E•CORP

2563 3651 849 124 L•CORNELI•L•L•SASIAE

2617 3741 714 101 MAG•VICI•VIRIDIARI

2749 3813 535 97 MONVMENTVM

2580 3870 829 129 CORNELIA•L•L•CALETVCHE

2588 3956 806 98 CORNELIA•L•L•AMMIA

2643 4020 738 107 PATRONIS•SVIS•FECIT

2691 4087 619 100 DIGNIS•ET•MERITIS

2703 4138 611 102 PRO•EORVM•PIETATI

2705 4225 540 116 ET•SIBI•ET•SVIS•
