3800 5255
3083 192 128 115 67

3092 295 122 124 64

1373 203 396 134 DI ROMA

444 319 2472 124 Prosso quest Ara, vedemo cose che ammuniscono gli huomini che debbano fare inquesta vita de mortali piena

458 422 2469 112 di piaceri et di spaventi et di cose buone et mali, et come la morte ai buoni et prodenti fa poco male et alli

468 501 2472 108 cattivi è oblevione, et mutatione come si muta la buona stagione nella cattiva et la cattiva nella buo

467 571 2440 135 na, et il fine nostro come puote essere buono, et cattivo, et come è meglio la vita nelle virtù che'l piacere

470 700 2456 110 nel vivere lecensioso. La quale Urna ò Ara futolta dali Monumenti dela Via Appia et portata nella Vi¬

468 765 2459 117 gna di Medici, et d'indi ancho è stata alienata: Or come veggiamo. perla faccia dela Gorgona, che èla

471 847 2466 106 Virtu Minervale che porgeterrore altrui, ci dimostra la prudentia et fortezza di chiunche è virtuoso.

479 924 2450 148 Perli ucelli pelasgi che gli devorano i serpenti che ha attorno alcapo ci dimostrano le persecutioni, che à

470 1017 2447 151 guisa di ladroni et di pirati ciassaltano, come quelli Ucelli sono avidi di predare i serpenti, cosi so

464 1106 2456 145 no avide le occasioni de predoni, che sono i vitij, che deturpano, le cose buone. La onde lhuomo deve ha

488 1216 2444 135 vere vigilanza intenere conla prudenza guardote le buone o pere, le quali sono figurate perli frutti.

484 1321 2434 95 i quali conservati giovano, come giova la facculta dellhuomo quando è utile, che aiuta vivente ti

474 1403 2449 112 suoi et doppo morte al generale et universale dela posterita, quando quella ricorda le virtù dell'antias¬

468 1509 2476 91 sore, ch'è stato huomo Virtuoso. Ammuniendo dunque gli huomini à far'bene, ci figura la mutatione

489 1564 2436 107 delle cose come celo significa la lacerta, che si rinova la luce et laspoglia...ogni prima statione et si ser

471 1654 2459 112 ve dela luce delsole, che è ottimo alimento. et per che la vita nostra è piena di frivolezza, vi ha fatte le

483 1732 2453 120 Farfalle che sono tenerissime et attendono, sempre alla spetie et alla loro prole, mentre sono giovani

482 1839 1546 113 nanzi che la primavera passa hanno produtta lageneratione

1913 1796 666 76 et preparato il seme diloro spetie

1993 1834 956 98 .et per che ogni cosa è facile et mortale

485 1885 2457 125 vi è la imagine dell'ossa dela forma humana. lLa quale è spogliata dala Morte d'ogni sua bellez

472 1972 2463 111 za et vigore, et cosi la natura s'applaude et chiama ciascuno a quel fine. et essendo il corpo humano

495 2041 2431 158 spogliato, dell'anima et spolpato dela carne giace invalido, come è una invalida et sassosa terra

485 2149 2449 154 che non piu produce cosa che buona sia. Percio lhuomo dovendo guardare al suo fine, debba fare

2183 2213 737 120 cose, che obleviano la morte

2217 2304 715 128 come la morte confonde fa

2202 2390 750 135 carne et deve dunque attende¬

2207 2488 719 140 re alle cose dela fama che

2228 2587 712 118 vince la morte. et si dee in

2208 2669 752 132 le cose immortali et degne di

2221 2757 720 133 corona et di trionfo atten¬

2235 2855 720 105 dere et studiare, et per questo

2235 2937 761 133 vi è l'arboro del Lauro, come che

2222 3030 773 143 si debba attendere alle cose dele

2221 3125 787 140 Muse: alle arti che sono piu otti

2224 3216 766 154 me et piu laudabili: et non fa¬

2241 3310 743 133 re come fanno le Herbe chia

2227 3420 777 135 mate Camacysse et Camulee,

2241 3508 747 139 che non si inalzano da Terra,

2253 3600 751 134 ma far come fanno le piante

2253 3699 770 143 che inalzano verso il cielo, et

2238 3811 754 132 par che di quello si godano: et

2256 3898 738 146 imitare le piante fruttifere

2230 4005 793 137 che sono dela bellezza dell'utile

2222 4093 806 134 et lasciare quelle che sono acerbe

2219 4191 845 131 et dissutili et spinose et infrut¬

1868 4235 1198 142 tibili che sono dedicate alla ingratitudine.⁓

406 4363 2643 115 et questo moralmente secondo li stoi ce insegnano ci significa il secco schelato ò ΣΚΕΛΑΤΟΣ, dell'ossa et cadavero,

423 4450 2622 108 del corpo, denotando essere fatto inutile, et terreo, et uvoto come, è vacante il vaso, che non piu hasostanza, sesi non

437 4529 2573 131 piu quel corpo humano che vivea quivi sepulto, ha il core nell'anima, che lo faceva vivere: ma solo la fama

427 4606 1801 140 pote vivere, et l'essempio de buoni farsi immortali. et superar la morte.

897 3103 513 103 DIS•MANIBVS

773 3158 656 123 ANTONIAE•M•F

848 3211 601 85 PANACES•VIX•AN•IX

862 3262 513 73 MENS•XI•DIEB•XIII•

752 3289 665 124 FILIAE OPTIMAE•ET

927 3350 345 76 PIISSIMAE

760 3356 729 143 M•ANTONIVS•PAL•ALVPVS

898 3444 467 58 PAPINIA ZOSIME

975 3475 328 101 FECERVNT
