3800 5255
1804 268 426 69 DI ROMA.

1096 432 2436 73 In questa Urna di Publio, Pompridio Demetrio liberto, si vede un Ariete dentro un ristretto; et

1154 528 2366 81 pare che uno lo fara: et parche ci voglia significare la morte di esso liberto per qualche cagione

1158 632 2372 101 iniqua intravenuta tra parenti, per cio che mi pare che quel Montone sia la humilta è pacientia

1150 742 2398 95 dele cose mondane; come avvenne al quel di Pelope, donde nacquero gravissime questioni et Trage

1156 832 2384 101 die horrendissime. Im peroche era nell'alte stalle di Pelope un nobile Montone, e guida di un'ricco

1150 938 2384 107 Eeggie, colli velli d'oro, et perla sua gran bellezza era stimato sacro animale, et percio tenuto ser

1158 1050 2376 87 rato in un luogo cinto di duri sassi Fabricato in parte riposta et solitaria è da tutti remota; et

1162 1148 2384 93 il grosso muro difendea quei prati dove quello pascolava. D'esso era padrone Atreo, il quale con

1166 1258 2374 81 inganno gli fu rapita la moglie, e il Regno da Thieste suo fratello, et il Montone insieme, per lo

1166 1366 2394 81 cui dolor, Megera Furia infernale, l'una et l'altra face squassava, contra, et conli crini di serpen¬

1166 1466 2406 73 ti, adosso ai Fratelli scosse, talmente che impitigli d'ardenti furori, li mosse all'ira et all'odio gra

1174 1560 2384 75 ve, la onde per gran'furore l'uno et l'altro con ira le proprie carni si mangiarono. Uccedendo

1162 1662 2404 75 , i figliuoli il Zio, diede à Thieste, padre di quelli à mangiar i figliuoli cotti allesso et arrosto.

1186 1762 2408 89 d'indi nacquero gravissimi furori et dispietati accessi. Et queste simili rovine forsi ci rappre¬

1138 1852 2424 111 senta per modo consolatorio, questa memoria dell'Urna, come per ammunire, nell'humana vita

1166 1958 2460 127 accadere cose crudeli et inevitabili, onde si deve lhuomo mortale armarsi di cose piu alte et piu

1182 2064 2442 139 perfette che fanno lhuomo immortale.⁓ et si deve pensare à questo come ancho al caso del Mon

1164 2152 2454 153 ton'di Phryxo, che varco l'horrido Mare Boristene portando ingroppa Helle, la quale sendo di

1158 2258 2440 139 mente frivola et temorosa cadde in quell'acque, che dala cui morte il Mar di esse fu nominato,

1162 2374 2488 123 Hellesponto: et phryxo passato in colchi sacrificò il Montone à Marte, donde nacque il travaglio del

1158 2472 2498 141 Re Oete, àl qual fu rapito et il Vello d'oro di esso Animale et Medea conli figliuoli da Iasone; per tan

1130 2582 2530 131 to, il Montone non ci dimostra altro, che una ricchezza dela vita paciente et desiderata, et perle strane

1142 2688 2482 135 occasione lacerata et dispersa come si dispergono le bellezze che mostra la lusengevole natura nel'

1146 2793 2526 126 stato presente, nel passato et riguardante il foturo, et il tempo che ogni cosa consuma et cuopre, et rap

1138 2888 2514 135 presenta alla nuova prole inquesto mare dell'affanni, inquesti fioriti et fruttiferi campi di natu¬

1146 2992 88 68 ra.

2058 3014 1580 143 Jl Nido conli Ucelletti notricati in esso ci dimostra una fameglia, no

2094 3136 1532 133 tricata da un padre di Fameglia: et ci dimostra il piacere, et l Amore

2082 3242 1548 139 verso i figliuoli viventi; et il facile pericolo dell'usurpatione de

2050 3352 1564 147 la morte. il dispiacer' grave, quando si perde alcuno di essi verso

2086 3476 1544 159 i parenti. et il dolore grande quando à figliuoli mancano i loro

2064 3578 1548 169 progenitori. Et questa memoria anchor ci pare, che quel liberto

2056 3688 1582 191 ci significa moralmente, ponendo in figura, il piacere et il dispia

2064 3804 1554 173 cere, che nella nostra vita si raccoglie, hor' col bene et hor co'l

2038 3910 1564 183 male s'arriva al passo letale, et lacrimevole; et percio sideveno

2018 4014 1626 189 gli huomini mortali contentarsi et arricchirsi dele benigne opere

2002 4120 1610 189 facendosi per quelle utile, et ricordevole alla posterita, et alli He

1998 4234 1594 181 redi: per che la Morte è inevitabile, et la Fama quella vince et

1985 4331 167 80 preme.

738 3239 188 63 Trovato

686 3318 366 65 Nella Via Aurelia

704 3377 250 51 Ianicolense.

1216 3372 598 99 ΠOΜΠΡΙΔΙΑ•ΑΦΡΟΔΙΤΗ

1198 3462 610 99 Π•ΠΟΜΠΡΙΔΙΟϹ ΔΗΜΗ

1238 3522 516 101 ΤΡΙΟϹ•ΑΠΕΛΕΥΘΕΡ•
