3800 5255
3043 233 73 50 9

3189 248 80 56 6

472 401 2386 66 RAGA, i greci ΡΑΓΑ, è citta nella Media Regione, donde i Medi popoli chiamano il citta¬

508 479 2332 80 dino Ragòs, et Ragios, alcuni scrivono Rhaga per .H. co ene Rhagae la regione, ma i greci

520 563 2334 84 ΡΑΓΑΙ, et ΡΑΓΗΝΟΣ talvolta, come da Rearos, ΡΑΡΡΙΝΟΣ: Fu acquisto di Selucho Nicatore,

520 649 2336 94 et pria chiamata Praga, et mutata la .P. nell'.R. fu fatta Raga. fu occupata da Arsace

524 743 2330 86 Re di Media lo quale era Eunuco et hebbe volutta di Regnare, et allhora si diceria Eu¬

524 815 2298 104 yopos, et egli la chiamò Arsace, et Arsacia, ò ΑΡΣΑΚΗ da esso Arsaco Re di Persi. Raga

524 903 2326 102 anchora è Isola della Licia, detta da Rax, et lhabitatore di qui si dice Ragios, et il cittadino

524 1005 1460 94 Ragenos, cio è ΡΑΤΗΝΟΣ, et ΡΑΤΙΟΣ. come dice Stephano.

480 1073 2538 102 RAGUSI, Ragusta, et Ragugia, è città cosi detta dal vulgo, che gia si diceva Epidauro. Come è detto in Rhagusa.

460 1156 2408 104 RAFEI, è voce moderna presa perlo porto dell Achaia verso l'Arcipelago, che anticamente si diceva,

528 1275 362 52 porto panormo.

462 1331 1814 78 RAIGNY, è citta et Porto di Provenza, è di Liguria, che gia si diceva Antipoli

488 1410 2432 55 RAMA è citta della Suria, che si diceva dall'antichi Lydda et Diospoli. Et Ramà, è citta della palestina in

2702 1468 176 51 Iudaea

492 1471 1470 60 RAMIDAVA, è citta della Dacia, secondo scrive ptolemaeo.

476 1520 2094 84 RAMNETE, ò Ramnetes, era una quarta parte del popolo Romano nel tempo di Romolo

472 1611 2454 64 RAMNENSI, ò Ramnenses è la medesimo parte de Romani et Tribu. La quale Titolivio chiama cosi

498 1681 708 56 RAMNETES. nel primo libro
