3800 5255
920 420 2546 74 nosca la verita come passarono le cose. La onde dice egli. Che Roma non è dubio alcuno, che fu colonia delli Albani,

928 494 2518 98 et nelle decessette età di doppo la presa di Troia, ò vogliamo dire Ilione. et fabricarono essa colonia nelluogo

928 574 2532 110 chiamato Palazzo, gia sedia dell'antico Evandro: ò pure vi fecero in essa età insieme duoi colli, il colle

918 668 2538 104 palatino et il saturnio inristretto, cio è aggiunsero quel colle al palazzo che fu poi fatto capitalio, per

934 748 2516 104 che quivi nel saturnio, gia havevano habitato i peloponnesi, et nel palatino gli Arcadi. Il duce che

922 838 2534 115 condusse la colonia dell'Albani fu Romolo, il quale per decesette gradi traheva la origine da AeneaTro¬

918 936 2538 117 iano. Ma Agathillo scrisse nel suo poema, che Aenea partito dall'Isola Capie di Arcadia, vi lascio due

908 1046 2548 111 sue figliuole, et venuto in Terra Hesperia, che cosi all'hora si diceva Italia Genero Romolo, che edificò

924 1136 2576 111 Roma. In unaltro luogo esso Dionysio dice. Doppo l'edification'd'Alba longa, l'ultimo della fameglia Silvia,che

914 1239 2558 79 fu Numitore fù dedutta colonia Roma sotto di Romolo et di Remo. Perche Amulio Silvio Traditore, ha

936 1319 2528 81 vendo cacciato Numitore del stato, et stato nel governo quaranta duoi anni, Numitore conlo aiuto di

944 1400 2518 77 Romolo, et di Remo s'ripose nel stato uccidendo Amulio, et questo Romulo et Remo erano nati di una

932 1487 2536 79 fanciulla sacra figliuola di Numitore; per che questo era Avolo materno à Romolo et a Remo. Laon¬

928 1572 2544 83 de nel secondo anno Numitore del ricevuto dominio, et nelli quattrocento trenta duoianni doppola

936 1652 2546 85 presa d'Ilio ò Troia, comela vogliamo chiamare, molti degli Albani si congregarono, et fe che Romolo et

930 1743 2532 82 Remo li conducessero adedificare la colonia, et fecero Roma. La quale edificarono sul detto colle nel

926 1829 2566 72 primo anno della olympiade settima: nella quale hebbe l'honore Megenio Daciale, et incotal tempo regna

926 1912 2510 81 va in Athene Charopo, e nelloprimo delli dieci anni ch'esso Charopo prese il governo fu funduta Ro

954 1998 2516 75 ma. Ma Cephalone, presso del medesimo Dionysio, di Gargithio citta antichissimo scrittore dice essere

922 2090 2558 77 stata questa città edificata nella seconda etade doppo la guerra Troiana da coloro che con Aenea salvaron

930 2178 2534 83 si dall'incendio, ma per suo conditore et guida dela colonia mette Remo, lo quale dice esser stato un dei

906 2274 2546 78 figliuoli di Aenea: per cio che scrisse che Aenea havere havuti quattro figliuoli, Ascanio, Eurihonte

922 2358 2532 70 Romolo, et Remo. il cui tempo discorda, et in natura et intutte l'altre historie: come cosa difficile che'l huo

934 2433 2504 79 mini s'accordino duoi à un Tempo à vivere due etadi che s'intendono ducento anni: concio sia cosa che

926 2507 2520 103 in questo pose il contrasto di essi duoi fratelli, chi diloro lhaveano aporre il nome. Oltre Dionysio in una loro

910 2596 2544 105 luogo viene con unaltra memoria, dicendo che Eurilionte sia il medesimo che è Ascanio nato di Lavi

924 2680 2562 127 nia Delia. et presso ad essa oppenione allega Agathillo poeta, et vi aggiunge la oppenione di Demagora

930 2787 2520 117 che scrissero il medesimo di Eurilionte Ascanio. et dicono che due eta doppola rovina di Ilia fu fatta

920 2869 2574 107 Roma. Ma quello anchora che esso Dionysio adduce, oltre à questo, e quel che osservarono et compi¬

928 2966 2508 97 larono i sacerdoti di Argo: havendo notate le cose fatte in detto tempo, et dissero che Aenea venuto

934 3070 2520 79 nelli Molossi popoli dell'Epiro doppo Ulysse in Italia. fu di Roma edificatore, per che havendo da

942 3174 2512 77 una delle Ilionense chiamata Roma seco: et costei havendo per male di andar cosi erranti per

936 3266 2536 85 mare, confortò l'altre Donne troiane ad abruciarle Navi, et cosi fecero, et cosi remaste nelluo

920 3362 2520 89 go dove si fermarono fu fatta Roma et da lei appellata: et questa istessa gloria gli da nelli suoi scritti

906 3462 2578 97 Damaste Sigeo. Ma Aristotele stagirita philosopho, racconta il fatto cosi presso dell'istesso Dio

930 3557 2510 79 nysio: I' greci partiti da Troia lungo la Melea in Navi sendo presi dal mal tempo, et dale gravi

934 3635 2522 95 tempeste exagitati, havere molti luoghi del mare errato. et allultimo esser inquel luogo dell'opi¬

922 3744 2498 69 ca Regione venuti, che vicino al Mare Tyrrheno latino chiamavasi, et conlieti animi, veduto

924 3840 2514 81 la Terra, havervi le Navi tirate, et quivi quella invernata fermatisi, apparecchiati certa¬

918 3942 2492 81 mente all'entrar' della prima vera di seguir loro corso: ma abbruciate lor di notte Le Navi,

920 4046 2504 81 non havendo conche tornarsene, ne potendo inquella necessitade altramente consigliarsi, delibe¬

924 4144 2496 87 rarono menar la vita nelluogo dove condotti eransi fermati. et questo esser loro intervenuto

914 4252 2494 91 perla cagion'di quelle Donne, che prigioni de Troiani menavano, che temendo deritornarsi,
