3800 5255
858 415 2588 93 opera del scelerato Amulio loro Zio precipitati et messi alla morte, dequali dirremo più chiaramente

858 527 2544 89 disotto doppo quest'altri oppenioni, che variamente sono recitati da altri auttori: percio che non mancano

860 634 2554 94 di quelli che scrissero il contrario, come non fussero mai stati: et altri come colli proprio occhi lhavessero ve

878 734 2524 94 duti nascere et gittare alla morte et vedutili salvare: et molti si conconfrontano atali accidenti: ma dico

884 837 2508 99 no esser'stati mandati dalloro Zio da uno che gli uccidessi et per volere d'iddio non furono uccisi • percio

900 956 2496 86 dunque sinchetrovaremo materia da dire di questo fatto, conviene narrare. Quegli i quali confermano

886 1046 2510 92 la nativita di Romolo et di Remo nati in un' ventre da Ilia Siliva Rhea Abatessa Vestale, tutti confermano

894 1146 2526 91 essere slati dati à notricare a'd' Acca Larentia moglie di Fostulo, la quale Dionysio chiamo, ΛΑΥΡΙΝΤΙΑ, ò

898 1248 2510 81 pure ella gli trovo sula riva del tenere dentro al fango gittati, per ordine di Amulio, et portateseli nella

906 1355 2482 85 sua casa per suoi figliuoli li allevo, et per che questi erano diventati molto gagliardi furono chiamati Ro

922 1461 2466 89 molo et Remo, et vincevano alla lotta ogni pastore, et nel correre ogni luperco nella festa lupercale

910 1592 2520 57 che si faceva attorno al collo Palatino. Et questi sendo riconosciuti da Numitore, cacciarono di Alba Amu¬

910 1666 2016 108 lio et gittandolo dalla Rocca. Et poscia nell'havere edificata Roma et ampliata et

2904 1637 84 38 come

2926 1661 444 78 assunti incielo, i Ro

924 1779 2456 91 mani fecero il Tempio à Romolo et à Remo: et A 'Accalerenzia infigura di una lupa, conli duoi

902 1887 2476 89 bambini alpetto, percio che come piu sudicemmo lei era detta lupa dalla libidene la quale accommo¬

922 1997 2470 77 dava ai pastori come dice Varrone nel quinto de lingua latina. Alcuni dicono che Numitore sen

918 2087 2484 93 do privato del stato da Amulio, seneando in Tuscolo ove attendeva sotto nome di potesta: nel cui mez

902 2191 2508 81 zo fu preso inla caccia per insidia di Amulio Lauso figliuolo di esso Numitore, et ucciso, del quale par

904 2287 2474 97 la Ovidio nel terzo de Fasti, dove dimostra essere fratello di Ilia dala quale nacque Romolo et Remo,

920 2404 2478 92 cosi cominciando: ILIA CVM LAVSO DE NVMITORE SATI. et cosi sendo morto Lauso, lha fù posta

924 2502 2484 104 nel sacerdotio di Vesta: ma sendo costei adormentata in una Fontana, gli sopravenne adosso uno armato,

928 2594 2458 126 che fu interpretato per Marte et la ingravidò di duoi Gemelli, dequali tennespia et conto Numitore, et

914 2718 2506 100 fu creduto che Numitore istesso trasformato in Marte, havesse fatto l'opra colla figliuola istessa per

916 2837 2484 101 dispreggio di Amulio, et con essi poi si vendico della ingiuria ricevuta, per cio che lhavea ucciso.

916 2946 2496 94 Lauso, suo unico figliuolo et posta come incarcere la figliola nel Tempio Vestale. Dicono che sono sta

930 3063 2488 95 ti duoi Lausi l'uno sudetto e l'altro Figliuolo di Mezentio, lo quale uccise Aenea combattendo in

934 3179 2500 95 favore di Turno, et due sepulture di Lausi ha havuto il Latio, l'una nel Monte Albano et l'altra

950 3293 2460 87 nel paese di Laurento dove Aenea lo conculco: et di questo scrive Virgilio nellibro undecimo dicendo

946 3413 1292 79 INGEMVIT CHARI GRAVITER GENITORIS AMORE,

964 3521 1398 81 VT VIDIT, LAVSVS, LACRYMEQVE PER ORA VOLVTAE.

2362 3511 1050 86 Sono dunque i nomi di due lausi celebrati per

952 3609 2446 103 valorosi et per poco assortati: et quel di Romolo et Remo, anchor'essi non furono da manco di essi quanto al

954 3713 2444 109 morire: ma hebbero diversi honori, et inalzati allestelle: sebene furono allevati dala lupa fecero Ro

964 3823 2442 99 ma sopra ogni citta immortale, et questi discesero dal sangue Troiano come piace ancho ad sexto Aure

958 3927 2424 111 lio propertio poeta. Lo quale parlando della sorte di Roma dice in un verso. DICAM TROIA CADES, ET

984 4043 2442 89 TROICA ROMA RESVRGES. et laudendo la notrice di duoi fanciulli, et nella istessa sentenza, che mol

984 4145 2442 105 ti dicono che furono figliuoli di Marte ò pure dela prole di Iove quelli che nacquero et furono alleva

980 4247 2486 111 ti nel Palatino discesi dala Troiana progenie: et allevati dala lupa et fra pastori. incomin
