3800 5255
912 381 2546 107 Mosta la scoltura di questa Ara trovata nelli Monumenti dela Via Appia lhuomo per cui fu dedicata cosa

936 465 2542 109 di persona dedita alle cose poetiche Dramatiche. percio che le Maschare che visono et il pedo pastorale dando

936 564 2518 109 ad' intendere simili compositioni. per cio che tali argumenti sono discritte sotto dele amascherationi. Percio

920 631 2526 137 che come scrive Herodoro Heradeoto pintico grammatico et commentatore, posto nella libraria di Ridolfi in

938 735 2518 125 Roma il pio cardinale. Lo quale commenta alcuni Enigmi ; et a certi suoi propositi dice che della Drama cio

940 823 2526 129 è Maschera fù inventore Protheo, che trovo il contrafare le persone, per detrattare dell'altrui difetti, per diletta

954 931 2504 113 re trovò la trasmutationi del vestire. et per intertenimento dele schene Theatrali trovo le saltazini i salti mor

942 1019 2524 115 tali et maravigliosi. Poscia le seguito Typhone huomo et Re superbo et crudele, per dilettarsi inlui, et farecose

958 1107 2504 117 contra del Fratello Osiride. per che Typhone fù didiversa natura da Osiris. per cio che attese alle scaené,alle

950 1209 2532 97 ammascherate alle trasmutationi, al travestirsi, trovo lispaventi et gli horrori et le cose Tragiche inalzo, et fece

950 1307 2500 101 da dovero delle Tragedie, onde Iove Aegyptio anchor lui per fuggire le sue insidie imitando il cui trasvestire si

948 1399 2480 109 amaschero et ascose dentro à pelle d'Ariete, donde è nata la favola di Iove mutato in Montone. et tali

964 1513 2486 85 tragiche rappresentationi dispiaccoro ad Osiride nell'uso che le usava il scelerato fratello. Ondefu dedito

964 1613 2510 81 alle virtù alle cose piacevoli alle Muse. et fu lo primo che mostro presso di se alpopolo suo le Donne chiama

962 1707 2528 69 te Muse. Et Epicarmo, et Daedalo furono li inventori presso de Greci di farele scene colle ammascherate

968 1795 2486 79 et fare cose varie usate nelli Theatri, et nelli sacrificij di Bacchio Osiride, et nelli sacrificij nelle pompe di

968 1891 2498 75 Iside: et per dilettare et per contrafare le cose dela terra che tutte se amascherano doppo le raccolte defrut

954 1983 2492 77 ti et nelli Theatri contrafacevano alcune sorte di persone perle quali si rappresentavano le materie de

958 2087 2498 59 suggetti comichi ò Tragichi, ò Satyrichi. et usavano incio la Drama, ò vogliamo dire Maschera. et

960 2179 2508 63 Daedalo fulo primo, che sculpi la Drama nelle mani dela Tragedia,et dela comedia, et alle Muse, nelle

958 2267 2490 69 comiche attioni de poeti, cio è di coloro che composero cose Dramatis, ò la, ΔΡΑΜΑΤΙΚΑ, onde furono

968 2361 2500 99 chiamati Dramatici, come fu Dramaticus detto Aeschilo, et glialtri. et d'indi fu detto il Dramatico Style.

962 2459 2486 93 et tutti i greci presero da queste inventioni, et le usarono in alcuni sacrificij, ne giuochi Lydij, nelli sa

964 2557 2502 93 crificij di Baccho et d'Iside, et nella Festa Phallogogia Dionysiaca, et nella Ascolia Saltatione, quando

980 2649 2470 83 nelli Theatri saltavano sul Utri gonfiati deii Aschi. Or dunque inquest'Ara, come in molti luoghi

2302 2747 1132 65 dell'antichita di Monumenti si vedono le Ma

2290 2837 1174 67 schare finte conla bocca aperta et contutto il

2286 2939 1182 69 coprimento del capo. per che fussero facili à trasmu

2300 3037 1156 69 tare. et à potere cantare et suonare, percio che

2280 3131 1160 69 le recitationi dell'Hystrioni cantando dicevano

2304 3213 634 77 i loro concetti facilmente.

1080 3005 810 77 Μ•ΑΥΡΗΛΙΟΣ•Μ•ΑΥΡΗΛ

1104 3094 746 63 ΣΕΒΑΣΙ•ΑΠΕΛΕΥ ΘΕΡΟΣ

1204 3168 540 69 Ε ΠΑΦΡΟΔΙΤΟΣ

1260 3489 448 79 ΘΕΙΣ•ΚΑΘΑΧΤΟΝ

2502 3359 754 63 Nella casa di M. Mario de Oddi

2472 3464 692 54 IPHIGENIA•SVAVIS•HAVE

2554 3536 526 50 VIX•MENSIS OCTO

2482 3661 756 65 Nell'Horto di M. Iulio Tamarotio

2576 3751 520 43 HAVE HYGIA•ANIMA

2578 3817 544 39 DVLCISSIMA•EIDIAE

2582 3864 506 44 SECVRISSIMAE•QVAE•VIX

2566 3908 544 54 ANN•XVI•SIT•TIBI•TERRA

2746 3956 130 39 LEVIS•

2498 4009 594 66 Trovata nella Via Latina

2646 4093 424 43 MACEDO•HAVE

2488 4141 584 47 BENE•VALEAS•QVIQVIS•ES

2484 4203 580 48 FECER•C•MODESTIVS MACERO

2626 4263 318 37 PATRI•PIISSIMO

2482 4295 576 55 ET•FORTVNATA•CONIVX

2478 4356 608 54 CVRANTE•RVFINO•COLLIBERIO
