3800 5255
3264 102 115 82 70

3176 145 136 120 79

3106 264 132 150 76

984 294 888 119 CHE COSA SIA FLÁMEO, ET CHE

1038 397 788 111 Velo sponsuale, et deli Dei dele Nozze

1216 454 305 91 de Gentili.

465 547 1838 144 In quest'Ara si notà oltre agli vestimenti di cittadini Romani, el che ho mostrato disopra,

2222 515 294 102 al suo luogho

2309 558 636 124 cio è dela Togha et dela Tu

522 668 2428 84 nica. Vi è da mostrare alquante cose di più. Primieramente il Velo sponsuale, el quale è quello che porta in testa la Don¬

514 725 2371 81 na segnato .B. il quale era di un corto lino chiamato Carbaso et suttilissimo. Oltre è da dir di quel giovenetto che tiene le due

515 791 2401 97 facelle; qual credo sia Hymeneo Dio delle Nozze. Catullo chiama la veste di tal Dio Flammeo, et dice che la facella era

524 869 2356 99 de pino, oltre dice che portava el socco, che son quei stivaletti ch'egli porta amezza gamba, et lo chiama cultor' de l'

506 939 2428 90 Monto Elicona et figliuolo di Urania. Ovidio nela Metamorfose dice che Hymeneo era vestito d'una veste di color Cro¬

530 1012 2383 76 ceo, et haveva le facelle in mano. Martiano Cappella dichiara che Hymeneo fusse figliuolo di Bacco, et di Calliope. Ovidio

520 1080 2399 115 al fine del nono libro della Metamorfose, recita, che Venus et Iunone, et Hymeneo sono i dei dele nozze. Plutarco ne poble¬

514 1174 2398 101 mi, vole che cinque dei si pregavano nellj matrimonij nel principio delle nozze Iove Adulto cio è grande, et Iunone adulta,

2426 1234 484 124 Venere, Lipore, et Diana

2424 1322 481 105 perla prima, et per que

2440 1398 463 106 sto dice che cinque facelle

2423 1479 488 97 se accendevano nelle nozze

2438 1552 458 91 per detti dei. Servio

2419 1617 500 105 recita che Hymeneo fù

2428 1697 482 113 un'giovan da Athene,

2431 1779 489 105 il quale tra le guerre cru

2432 1845 500 119 delissime liberò le Vergi¬

2422 1931 521 96 ni. Suida dice il con¬

2426 2004 486 103 trario, et che Hymeneo

2420 2072 490 121 fù gioven di Lidia, forse

2422 2157 527 113 in Lidia fù unaltro Hyme¬

2420 2235 506 113 neo, Dicono che per esser

2424 2303 505 106 amator' della pudicitia, et

2421 2383 511 121 paciale de matre monij lo

2421 2464 510 116 invocavano nelle nozze,

2428 2547 504 104 Pausania vole che' l pri¬

2424 2628 508 113 mo, che ordinasse matri¬

2431 2715 476 109 monij fu Cecrope, et il

2424 2794 488 102 medesimo consente lo in

2429 2872 481 96 terprete di Aristophane,

2413 2940 531 115 nel Pluto. Catullo nel'

2421 3034 520 104 Argonautica cosi comme

2420 3096 514 103 mora l'anticho ordinator

2422 3166 519 116 de matrimonij. SI•TIBI

2426 3254 502 105 NON•CORDI•FVERANT

2423 3328 523 114 CONNVBIA•NOSTRA,

2415 3404 529 121 SAEVA•QVOD•HORREBUS

2412 3492 514 95 PRISCI•PRAECEPTA

552 3534 2402 137 PARENTIS, ATTAMEN•IN•VESTRAS•POTVISTI•DVCERE•SEDES•QVAE•TIBI•IVCVNDO•FAMVLA¬

552 3654 2356 92 RER•SERVA•LABORE, Dionysio Alicarnasseo demostra in quel luogho, di oratione Nuptiale al figliuolo cosi li

550 3723 2392 93 costumi dele nozze, Mi sarebe stato gratissimo non solamente esser stato presente ale tue nozze, ma participe anchora

558 3801 2344 84 accio che havesse ballato insieme, et giocato, et havesse lodato il matrimonio, et cantato lo Hymeneo, il che è solito

559 3857 2338 95 farsi nele nozze, da qui si cava le pazzie che ancho usavono ne matrimonij gli antichi. Dicono che per usanza

555 3936 2321 92 il padre,et la Madre cantavan' nanZi ala porta deli sposi lo Hymeneo. Oltre dice Dionysio, che Giove, et Iunone

553 4000 2342 108 eran gli dei delle Nozze per che mostrorono al mondo el matrimonio, et per che Giove è padre di tutti, et Iunone

548 4068 2374 108 si chiama Iuga à congiungendo. Il comentator di Callimacho referisce come la sposa portava à carne gnu¬

554 4147 2326 118 de la Mitra, la quale era una cintula, che si scignevano le Donne la prima volta quando andavano adormire

545 4232 2345 104 col marito. Museo de mostra, che nele nozze intervenivano queste cose, si ci ballava, et cantava presso la

553 4302 2362 113 camera della sposa, ve intervenivano poeti à lo dar i matrimonij, ve intirvenivano faccole, el padre et Ia¬

193 1579 339 135 Gu. 1115.2.

258 1687 309 101 in una figura

203 2121 401 144 fù Nela vigna del S.or

286 2199 340 114 Gihanbattista Passa¬

279 2269 132 89 monti

869 1794 88 59 .B.

879 2889 476 137 Q•FVRFANIO•C•F

941 2982 298 64 NIGRINO

876 2994 463 87 PROC•FABRORVM

902 3055 443 80 VIXI•ANN•X̄X̄ĪV•M•V̄ĪĪ

1374 2881 440 147 FVRANIAE•FLO

1369 2983 408 72 RAE•CONIVGI

1371 3009 448 69 SANCTISSIMAE

1373 3056 451 81 VIX•ANII•XX̄ĪĪĪ•M•ĪĪĪ•

943 3118 826 83 SEX•FVRFANIVS•TYRANNVS

970 3184 858 57 HER•FVNER•ET•AR•FECIT•III•IDVS•APRIL•

892 3188 904 96 M•AIMILIO•LEPIDO•ĪĪ•ET•MVNATIO•PLANCO•COS
