3800 5255
486 1075 378 57 Talento aegypao è di

498 1145 276 57 1400 scudi.

922 382 2416 90 che ai tempi nostri, nel presente Principato d'Aadriano Imperadore nelli stipendij suoi sono dugento mila

952 486 2392 86 pedoni. Humini d'armi cinquantamillia. Tremila carri per l'uso dela guerra, ha per monitione trecen

954 596 2374 90 to mila armature d'ogni sorte. Hanna armata di seicento navi grosse da munitione,et da mille et quat

962 702 2346 96 tro cento Galere da Remi espedite et agili al combattere etall'andare. et da altretanti navi di piu sorte,

984 820 2332 81 con un numero grandissimo di instrumenti Navali. Oltre à queste ha ottanta Navi apompa dell'ar

974 924 2352 75 mata colla prora et poppa d'oro ornatissime. Le quali solo erano per pompa dela Guerra. Finalmen¬

982 1018 2344 89 te la camera Imperiale per munitione ha cento cinquanta Migliaia di Thalenti Aegyptij, tanta grandezza

986 1128 2318 84 et felicita de Romani è nata principalmente dalla maturità del consiglio, et dala virtù et dala potentia

978 1236 2328 94 in tutte le cose, nella fortuna prospera gia non mai insuperbiti, ne inviliti nelli casi adversi. Sinqui

978 1336 2354 102 l'auttore ci dimostra quanta potentia era congionta insieme per acquetare ogni guerra et sottomette

978 1440 2330 98 re ogni regno. Et queste grandezza nelle cose del mare, duoi luoghi ne erano capaci in due porti, sendo

1000 1546 2310 98 divisa l'armata in duoi corpi, l'uno chiamato Misenatium, dal Miseno porto, che era nelli campani nel

1004 1654 2302 98 Tyrrheno lito perle cose dell'Africa et dell'Europa. et l'altra parte era Ravennatium, che stava

988 1761 2328 90 nel Ravennate porto, nell'Hadriatico Mare, ove era pronta alle cose dell'Asiatiche occorentie.

990 1861 2316 88 Lo quale Navale era la dove hora si chiama Classis. Ora per non mancare atutte le parti delle

992 1950 2342 108 cose legionarie dirremo questo. Come la legione chiamata Prima Adiutrice fu fatta da Ha

990 2072 2330 88 driano: perlo che si trova nella medaglia di esso imperadore come institui la Discipulina de

998 2169 2332 90 soldati, et pose le leggioni in molti luoghi dove potessero commodamente difendere lo imperio

1008 2280 2332 77 et quella legione che havea di mestiero di Aiuto la adiutrice suppliva. dela quale fu Tribu

996 2377 2350 90 no et capitano Antonino pio che poi fu Imperatore. Marco Aurelio Antonino fu quello che

1002 2488 2344 94 nuto il nome alla legione duodecima Augusta et la chiamo Fulminifera. percio che militando

1016 2594 2350 98 egli contra Marcomanni fu assediato l'essercito Romano, et muovendo di disascio et principal¬

1008 2697 2346 98 mente dela sete, per che non pioveva, et stando in luogo arido et inacessibile, si rivolsealli prie¬

1004 2793 2346 106 glio verso gli Iddij, che li volessero soccorrere, à tanto pericolo. Onde non potendo havere gratia

1004 2906 2370 110 come desideravano erano disperati et colli iddij et conl'altri rimedij, cercavano per via di Vaticinij

1020 3016 2382 99 intendere che havessi da essere di loro fine: iddi ispiro all'Auguri che si dovessero raccomandare

1040 3110 2344 107 allo Iddio de christiani, et prenuntiarono che dovessero provare perli prieghi loro ad' accatare la

1030 3208 2364 114 salute, impero che allato à loro erano molti christiani, che venivano da gentili perseguitati, i qua

1024 3305 2362 120 li adimandati, che volessero colli loro prieghi supplicare à Dio, con prometterli la loro liberta

1032 3404 2346 130 et salute dj potere viver in Roma liberamente et sicuramente. Cosi volente Iddio salvatore

1024 3524 2410 120 sendo tutti pieghevoli et prostrati interra fecero le supplicationi. et incontenente venne un turbine

1032 3640 2398 110 nell'aere, et li Marcomanni visto che i Romani erano per esser socorsi dala pioggia inconteven

1020 3734 2386 116 te corsero à volere espugnare il Romano Castro. per forza, la onde in quell'instante apertele

1012 3863 2394 96 catharatte dele nube venne giu acqua come un dilluvio, accompagnata contanta copia di fulmi

1020 3963 2376 82 che davano infaccia à Marcomani inmaniera che essi barbari furono, et dall'arme romane

1032 4056 2356 87 et dalli fulmini dissippati, et pareva che la terra con ungrandissimo nembo di acqua s'alzase

1036 4155 2358 87 perla salute Romana. et da questa Vittoria aiutatada Fulmini la legione prese il nome di Fulmi

1044 4240 2362 102 nifera et di Fulminatrice. Come scrive Pamphilo Cesarense. et questo Nembo et dilluione
