3800 5255
3011 104 176 139 50.

3099 225 158 167 53

1277 197 447 111 DI ROMA

357 344 2462 180 Fu trovata nelle rovine, delle moderne case buttate atterra nella antica Via sacra quando Carlo Quinto impe¬

415 470 2380 136 ratore Triompho in Roma dela presa della Goletta et di Tunisi, questa dedicatione di Hercole, la qual'da

409 550 2387 138 moderni fu trasportata dal Tempio d'Hercole: et hora è ricolta nella casa di M. Mario Delphino, ella,

416 659 2406 145 nel vero: è bellissima perla eruditione, per cio che ci dimostra il rito di dedicare la cratera ciò è Tazza

421 736 2397 134 ad'Hercole, la quale soleva la gioventù presentarla nel duono de sacrificij, et in essa libavano: in memo

416 835 2418 154 ria della salute che reco Hercole, quando uccise Cacco ladrone, et tolse il crudele et aspro rito di sacrifiare

425 929 2396 143 à Saturno humana carne de giovanetti, come sitrova nella Crhrestomatia di Dionysio, et come ci insegna

416 1068 2418 108 Ovidio Hercole ordino invece di fanciulli i simulachri scirpei, che erano fatti di giunchi et di vimini

414 1126 2447 116 intessuti, et li gittavano dall'Ara di Saturno nelli Gorghi del Tibere, poscia furono fatti di pasta, come

422 1238 2409 88 sono le nostre ciambelle informa humana che vogliano dire scirpelle, come fenti simalachii, come

422 1333 2400 97 dice Stephano Biblyothecario nell'epistole. Ora questo Caio Curtio Abascanto et Curtio Gaudente suo

1251 1417 1584 105 figliuolo essendo immune per quattro anni dal corpo di custodi, de

1264 1512 1575 106 dico ad'Hercole la cratera Argyrocorintha: ciò è di quel bronzo

1261 1597 1584 163 che nell'incendio di Corintho fu terza spetie di metallo. Impero che

1262 1716 1562 127 come scrive Plinio, Havendo Lucio Mummio Achaico consolo

1265 1799 1553 136 arsa Corintho citta de metalli che si fusero insieme fecero tre

1258 1910 1581 125 spetie di Bronzo corinthio. L'una fu di colore d'oro, l'altra di

1286 2015 1540 112 colore di Ficato, il Terzo tirò all'argento, onde questo dedicato

1289 2102 1544 158 re lo chiamò Argyrocorintham, Quella cratera, come fatta di

1269 2224 1553 103 tale argentea spetie metallicail'appello dalla qualità. Fu fatta

1285 2276 1560 141 la dedicatione, l'anno undecimo del principato di Tito Aelio An

1277 2393 1537 104 tonino pio, l'anno doppo Roma fabricata novicento uno, nel'

1274 2442 1547 142 primo anno dela olympiade dugento trentadue. L'anno doppo la

1298 2524 1554 115 nativita del signor nostro cento cinquanta uno. Nel cui consola

1270 2612 1562 122 to si vede che orfito si scrivea senza spiratione come à nome,

1291 2684 1537 117 latino: al contrario di quelli che lometteno in numero degreci

1292 2785 1529 141 et lo scrivono, ORPHITO, conla H, etvuole essere senza essa.⁓

322 2869 2530 117 Fu antico Rito presso di Grecidedicare il cantharo vaso, ò pure il carchesio, ò schipho ad' Hercole, per cio

426 2987 2402 135 che egli fusse testimonio del dono che riceve nella sua gioventu dala Madre Alcmena: la quale un

438 3086 2378 133 tale vaso hebbe da Iove quando giacque conlei opera di oro et dimano di Volcano: et essa lo do

436 3168 2412 180 no ad'Hercole et gli fu si caro che sempre selo porto seco: et gia non mailolascio: et per dimostrare

440 3268 2389 198 la virtù di Hercole alla gioventù, chefu tale che da fanciullo fu buon comito et custode, esse pari

439 3385 2382 160 mente perla virtù lo imitassero, ricordando, incio la sua forteza, con la quale purgo il mondo di

464 3489 2371 168 tristi, come una beanda salutifera caccia via la corruttione delli humani corpi: tal che ci rappre

448 3597 2394 176 senta tale Vaso uno liquore che deriva dala virtù et fortezza, che retifica l'animo, et vince li affet

441 3688 2382 163 ti delle cose che guastano et perturbano i sensi: Perciò non senza proposito ne accaso si muoveano gli

437 3773 2363 183 antichi à mostrarsi obligati alla Virtù Herculea che da fanciullo accrebbe à tanta altezza, che i

426 3898 2401 143 poeti lhano inalzata sopra dele stelle: et li historici lhanno tanto degnamente dichiarato, che mentre seran

431 3998 2364 166 no secoli sempre vivera nelle più eccellente cose: et li Philosophi sene hanno fatto scudo, et sopra di

417 4043 2370 203 lui hanno philosophato et figurato l'ottimo philosopho; et hanno ridotto secondo la physica et la moralita,

437 4164 1308 154 alle lodi del sole che purga et alimenta tutta la terra.⁓

504 1570 631 134 SANCTISSIMO•HERCVLI

668 1651 305 102 INVICTO

504 1695 626 127 CORPOR•CVSTODIARIOR

501 1771 663 111 C•CVRTIVS•ABASCANVSCVM

509 1865 647 106 CIRTIO•GAVDENTE•FIL

680 1921 395 94 IMM•A•IĪĪĪ•

486 1960 637 124 CRATERAM•ARGYRO CORINTHAM

489 2059 644 94 CVM•BASI•SVA•ET•HYPOBASI

666 2122 356 88 MARMOREA

493 2163 634 126 SVA•PECVNIA•DONVM

636 2256 388 109 DEDERVNT

605 2320 515 131 DEDICAT•III•K•IVN

477 2432 654 142 SERG•SCIPIONE•ORFITO•Q•NONIO•PRISCO

1028 2521 90 62 COS
