3800 5255
976 357 2508 86 mente nel colle palatino da pastori, et sendo grandi aiutarono à recuperare il Regno al suo

992 465 2520 90 Avolo, et edificarono Roma: et questo tutto i piu chiari auttori affermano. Ma accioche nulla man

982 576 2514 90 chi alle cose referite, andaremo dicendo quello che referirono ancho Calhia Caltino, et Agatho¬

992 674 2484 86 cle, che ancho rappresentarono questa oppenione, che Aenea mori al fiume Numico trali Abo¬

974 777 2490 87 rigini in Italia combattendo contra Turno Re di Rutuli, infavore del Re Latino, et morendo fu

990 875 2480 99 appellato Iove indigite, et Latino anchora doppola vittoria non sendo neancho egli ritrovato,

994 979 2516 108 fu adorato per Iove Latiale. Oltre dicono chenell'essere Aenea venuto inItalia sendo stato cac

1022 1075 2468 114 ciato da Troia, occupò colli suoi Troiani il nome latino, dove prese per moglie Romona, et

1008 1193 2522 104 edificata una città dalei chiamò Roma, detta ancho Lembus. La onde Heraclide affermò, che

984 1305 2508 106 Aenea venente da Ilio capta da Greci, ò vogliamo dire Troita nelli Achivi fu dala fortuna

1006 1425 2478 94 trasportato in Italia, et seguitando dentro il Tibere fiume colle sue navi per suo porto,

994 1527 2506 102 vi dimorò tant'oltre, che arrivò dove fu Roma, et havendo seco molte Troiane sbattute

1008 1633 2460 94 dala tempesta, et trale quali era una chiamata Roma, la qual sendo d'altocorogio consigliò

1000 1740 2480 105 alle Donne tutte à fermarsi in Latio, et cosi troncate et abruciate le navi, mentre i mariti

1008 1854 2480 93 andavano abuscando il vitto, et questo fecero accio che non piu andassero erranti, fu per

1018 1962 2466 89 tanto arsa l'armata, et sendo astretti dala necessità, edificarono la città, et dal nome dela

1028 2071 2432 90 consigliera denominarono quella, per memoria del fatto. Confermando dunque Ovidio,

1028 2175 2474 98 colla sua narratione volge questo fatto in favola bellissima, corroborando la oppenione

1018 2289 2496 98 di greci figne che le Navi di Aenea Ardenti si mutarono in tante Nymphe del Mare

1042 2395 2460 108 che accompagnate coll'onde Tiberine accompagnarono il gran nume di esso fiume: che me

1044 2513 2486 92 te l'acque nel Tyrrheno. Non abastanza havendo dette si fatte cose, Galata anchora scrit

1032 2625 2494 108 tor chiarissimo, scrisse, che doppo la morte di Aenea, l'imperio pervenne, à Latino figliuolo

1040 2745 2458 104 di Telemacho et di Circe: ma questo è alquanto falso dall'altri oppenioni, oltre che invece

1054 2865 2502 84 di Telegono mette Telemacho, che tutti i scrittori affermano esser nato di Circe et di Ulysse,

1062 2983 2482 82 et questo tale Telegono edifico Praeneste Polistephano, et Tusculo sul monte Arunco: il qual

1054 3097 2490 88 fu prima di Roma edificata, il che è da considerare che Aenea pria di Ulysse passo in Ita

1058 3203 2482 88 lia, conciosia cosa che doppo la distruttione di Troia Ulysse parti di phrigia dal Troade, et Aenea

1054 3309 2468 92 nella arsione di essa patria, et li figliuoli che nacquero di Circe et di Ulysse che furono Ar

1066 3417 2456 96 dea et Telegono, non potevano esser maggiori di quelli che genero Aenea di Lavinia figliola

1070 3525 2486 98 di Latino. et poscia sendo morto quasi in un tempo Latino, che mori Aenea non poteva succedere

1070 3643 2478 96 nello imperio: ma successe Iulo Ascanio sudetto. perlo che Galata s'inganna. Ma questo sia

1066 3751 2482 118 si come si voglia egli sogionge et dice che Telemacho et Circe generarono, et Romo et Romulo,

1086 3862 2428 116 che fecero Roma; Doppo la morte di Aenea. Altri dissero, chel nome di Roma fu detto da una

1094 3970 2434 100 donnalatina, la quale pacificò le Donne Troiane conli mariti Troiani, nell'odio preso

1094 4078 2454 96 perle abruciate navi. et per che nel pacificarsi si baciarono et abbracciarono, colle donne

1078 4174 2500 112 latini fu sempre tenuta memoria in segno di amicitia, quando le donne conoscenti si incontra
