3800 5255
3153 222 89 55 17

3261 296 87 52 14

1374 266 68 67 DI RAVENNA

536 382 2636 153 Vedesi anchora nella piazza di Ravenna, una Base quadrata di marmo antica, da tutti quattro i lati sono scritti, et intaglia¬

572 484 2576 133 ti alcuni simboli: come havemo disegnato. La quale memoria fù nel porto della classa Ravennatia, al vico chiamato

588 572 2532 127 dall'Anciporto nella Regione Herculana. et trasportata in Ravenna da Hieroymo Donato presidente di Ravenna,

572 674 2560 129 come egli dice nella sua dichiaratione fatta in la istessa Base. Incui sono duoi simboli della nostra vita finti

588 776 2548 119 inquei duoi animali, il lepere et il cane: che ne rappresentano la vigilanza et la Timorosità. La Vigilantia

560 888 2582 119 perlo cane che rode la canna ò sferza, il Timore il Lepere aguaitato. questi sono duoi affetti invita per

570 1016 2598 97 timore della Morte, et dell'assalti che occorreno. Per che il lepere posto ò per impresa ò per insegna. et perlo Ti¬

574 1136 2598 87 more: per una certa paura et sospetto il lepre parchè vi natura dorma sempre conglio cchi aperti et volentiera

576 1232 2580 95 va di notte. per non essere offeso, non dimeno nonsi salva sempre perli tradimenti del cacciatore. Perlo cane

560 1340 2616 93 si rappresenta la guardia la vendetta, l'ascolta et la Vigilanza, onde egli si mangia la spherza. Egli opera co¬

570 1454 2598 85 me fà il tempo, che reca le percosse, et le lusenghe, et le divora. Cosi fà il cane, che riceve delle percosse, et le lusenghe lo

544 1572 2636 79 fa piacevole al suo padrone, et se trova il coriato di pelle ò di nervo selo rode et mangia, si nudrisse del suo stimolo. Cosi

552 1676 2644 87 etiandio aviene inquesta vita nell'occasione, che ne reca cose piacevoli e delle gravi et moleste, et delle logubre, et fa¬

550 1794 2626 73 stidiose, et venimo dall'occasione anchora liberati: col recarne cose piacevoli: et gioconde, et alfine di queste, ne reca un

566 1904 2586 69 contrario, con l'assalti accidentali, ò ci da qual che piacere e riposo, ò ci assalta con asprezze, con percosse. onde ci fa

534 2010 2606 67 stare suspesi, et Vigilanti et in timore, come teme della sferza il cane. Onde in nostra sorte ò fato non senza livo¬

542 2116 2622 75 re ricevuto ne senza percosse potemo liberarce dalla molestia che ne sferza. stamo in questa vita co¬

554 2226 2564 83 me sta il timore del lepere, colli assalti del cane, cosi ci figura esso animale da perse. Per cio che il

550 2340 2574 71 lepre è paventoso, ò si ferma ò fugge per timore, et s'appiatta per non essere veduto, et per fuggire la

560 2444 2550 73 Morte, che'è tanto certa, et ogni animale la conoscie. Onde gli antichi ammuniendo gli huomini

550 2546 2558 79 moralmente contali simboli, gli chiama ad'essere forti, virtuosi, nelle cose prudenti, con la constantia et

558 2646 2566 79 pudore vincere con ogni alacrità, vincere et superare il vitio, il Timore, et conoscere la ira baila dela

558 2740 2564 99 pazzia, perciò che contro la morte, non vale vendetta alcuna. Perciò che solo la Virtù vince la

546 2856 2600 73 Morte, et la Fortezza et pacienza nel benesenVita, cacciano ogni male. et tanto è Morte quanto lhuo¬

550 2952 2564 83 mo cerchi, icerchi cose imperfette, et tanto è la vita quanto che'l huomo per virtu si fa immortale

550 3056 2560 73 che glorifica l'anima et il corpo per gloriosa Vittoria et Fama. et questo vince la Morte nel buono effetto

558 3156 2570 87 quanto in esso si cerca il bene, per uno buono et ultimo fine, come dicevano i gentili, nella philosophia,

554 3250 2570 97 di Solone di Socrate, et di Platone, et come meglio ciha' mostrato nella passione del nostro Redempto¬

574 3354 2560 109 re, i suoi santi Theologi, nelli Santi Theoremmati. Ordunque questo si vede inquanto faccie d'una Base

2762 3476 334 69 requadrata.⁓

584 3639 424 72 Q•VENERIVS

588 3695 436 76 Q•F•QVIR•FESTVS•

604 3765 414 71 VIX•ANN•XVII

616 3821 420 69 MENS•XI•DIEBVS•II

596 3881 428 59 Q•VENERIVS•Q•F

596 3935 426 78 QVIR•MANLIVS

596 4005 422 73 ACHACVS•FRATER

584 4073 448 65 ET•OP•LIB•PRISCILLA

678 4141 223 60 HEREDES•

685 4093 59 54 SIC

901 4155 89 48 FEC

1170 3657 416 58 HIERONYMVS•DO

1186 3715 328 54 NATVS•PRAES

1190 3775 408 52 HERCVLIS HORARII•RE

1166 3832 424 53 LIQVIA•EX•HERCVLANAE

1170 3892 420 46 REGIONIS•ANCIPORTVS

1163 3929 439 75 IN•FOROTRANSTVLIT•RA

1178 4001 408 47 VENNATIVM•ANTIQVITATI

1314 4055 88 47 D D

1742 3678 382 77 SOTERICVS

2252 3694 376 77 Q•VENERIVS
