3800 5255
3030 194 144 80 31

3154 301 78 66 28

386 343 2676 105 RHA, è fiumana, ò fiume detto femininamente ch'e propro della Sarmatia Asiatica, come narra Ptoleameo

438 425 1448 67 lo quale il vulgo nella Tartara lingua viene chiamato Edel.

390 678 2480 71 RHARIO, et Rario senza spiratione, et conessa anchora, è nome di Albergo, di campo di porto nella Rharia

430 756 2420 73 Regione in Eleusina dell'Attica. et d'esso molti scriveno, come è detto piu disopra, nella parola senza

438 836 244 68 spiratione.

394 918 2454 72 RHARIA, addunque da Rhario, è detta, bella et dilettevole Regione, et Stephano la dice essere di Eleusi, ò

440 998 2430 84 in Eleusina, et nominata Rharia da Rharo Avo di Priptolemo, che fu di Cerere Hospite: la onde fù

422 1094 2466 76 denominata Cerere Rharia, et Rhariande, et Rhariade, come nel costume Greco. ΡΑΡΙΑΣ, et ΡΑΡΙΑΔΟΣ,

422 1180 2482 82 et ΡΑΡΙΑΔΗ. per che inquesta parte dove era Eleusi citta, nel Domicilio di Rharo predico il costume della

430 1270 2462 88 cultura del frumento, non piu nell'Attica veduto: per che primieramente dalei fu raccolto nella Ter¬

424 1362 2426 82 ra Sicula, ove da perse nasceva dispersamente, et ella messolo insieme, ne ando significante à tutti

404 1446 2430 86 l'uso del seminare et del farne raccolto copioso per provisione ogni anno del vitto, accioche ditale

432 1528 2414 85 Divitia godessero, i mortali: dove nella casa generosa di Rharo fù ricevuta, et venerata: et quivi in

428 1606 2406 99 Rharo d'Eleusi gli fu fatto il Tempio alei chiamato Rhario, et Eleusinio: invocato dalla città et dal

416 1706 2468 75 suo hospite. Et Triptolomo fù lo primo che della cultura et delle cereali scrisse: donde nacque la Favola, che

420 1802 2462 66 esso lo predico in nome di Cerere per tutta la terra. et che Lycaone Re degli Arcadi volendolo fare morire

418 1887 2474 63 per che non andasse attorno, Cerere trasmuto Lycaone in Lyco, cio è inlupo: et posi anchora dicono, che sen

408 1969 2532 71 do ito nella Illyria Carnabuda Re, volendogli fare il simile, per havere il frumento, senza premio alcu¬

402 2058 1388 74 no, assalendo Triptolemo Cerere lo trasforma in Lynco.

366 2467 2530 72 RHAABENI, sono populi dell'Arabia diserta, come lo nomina Ptolemaeo tralArabe nationi: et Uranio glichia¬

402 2559 470 64 mo ΡΑΒΑΑΒΗΝΟΙ.

336 2752 2580 76 RHABANITE, ò ΡΑΒΑΝΙΤΑΙ, et con duoi diphtonghi, ΡΑΒΑΝΕΙΤΑΙ, sono gente ò populi dell'Arabia Felice, come

384 2842 2046 76 le chiama Ptolemaeo, et i latini Rhabanitae, et senza alcuno diphtongo, Rabanites.

344 3025 2512 86 RHABINATHMONIA, ò pure, ΡΑΒΙΝΑΘΜΟΝΙΑ, è città nell'Arabia Petreia, dove la pone Ptolemaeo. et Uranio nelle

408 3129 812 68 cose Arabiche, nei gesti de Romani.

334 3307 2560 76 RHABO, e, ΡΑΒΩ, è celebre fiume della Dacia, come dice Ptolemaeo. sopra della cui ripa fu sconfitta una par

394 3395 1390 68 te dell'essercito di Decebalo Re combattuto dal gran Traiano.

334 3610 2512 86 RHACELO, ΡΑΚΗΛΩΣ, è citta della Macedonia, di cui havemo detto più adietro, in Racelo senza spiratione

334 3825 2566 66 RHACOTE, Rhacotes, è la medesimo ch'è Racote senza spiratione, ch'è l'antico nome d'Alexandria dell'Aegyp¬

384 3899 1412 68 to: et è particolare Vico dell'Alexandrini sul Rhacotes rivo.

350 4106 2522 75 RHADAMANTI, sono stati detti i populi della Lycia, da Rhadamanto figliuolo di Iove Tauro et di Europa, secon

378 4188 2474 71 do scrisse Philisto. et d'esso Rhadamanto scrive Virgilio nel sesto libro dell'Aeneide. Et secondo altri poeti

390 4260 2320 73 Rhadamanto fu giudice infernale, che giudicava le cose de morti, come dicono Homero et Orpheo.

346 4332 2516 81 RHADANUSIA, et Radanusia, col diphtongo et senza anchora; è celebre citta di Massiliensi in provenza. dal

384 4399 1292 66 la quale Stephano dice Rhadanusio, ò ΡΑΔΑΝΟΥΣΙΟΣ.
