3800 5255
962 396 2442 80 turba pastorale si allontano da fanciulli: era quivi non guari lontano una Grotta in un sasso forato ombroso¬

968 462 2452 106 dove attorno era una sacra et folta selva venerata tra pastori: come stimato essere la Grotta di Pan, dove era

956 536 2444 115 l'altare al medesimo iddio chiamato nella lingua paesana Inuo, et Lycio, et Pana, et quivi entrata la

972 620 2416 117 lupa s'ascose, et d'indi usciva il Fonte consocrato alla Vergine et questo luogo era congionto col palati

974 710 2430 104 no, et era nella Via che partendosi dal Foro Romano che conduceva al Circo Maximo conservata da

976 784 2428 124 Romani, appunto alle radici del palatino sotto la Via che si chiamo nuova. ove fufatto un Tempio con

962 865 2454 132 la lupa, che havea la memoria deli duoi fanciulli, i quali teniva al petto. Le quai imagini erano di Rame

974 935 2406 144 et un simile essempio veggiamo hoggidì della medesimo materia in capitolio d'opera molto antica. Fù

962 1019 2422 137 questo luogho gia consecrato dagli Arcadi, à Pan Lyceio, cio è da quelli che venirono quivi con Evandro.

966 1111 2428 121 et cosi i Pastori veduto la lupa ricorrere al sacro luogho, presoro i bambini come figliuolo del grande

952 1190 2422 127 iddio, et furono portati à Fostolo Pastore: capo et maestro de guardiani di porci. et costui come sapes

928 1282 2462 107 se, la cosa, tenendogli occulti gli allevò, con commune consenso della moglie che era fresca di partoet

908 1356 2472 123 glera morto il bambino, tal che inluogo di uno perduto ne acquisto duoi. Furono questi chiamati Romolo,

944 1432 2424 135 et Remo: per che come furono grandi perla fortezza et eccellenza che havevano et perla bellezza dela Ro

964 1518 2416 138 bustezza et gagliardia, furono cosi chiamati; oltre furono di gravita et di ingegno et di consiglio di altissi

960 1602 2420 128 mo core, tanto, che superchiavano tutti quanti erano guardiani di porci et di Buoi et di pecore. Et sen

960 1677 2418 137 do di buona eta vennero nelle mani dell'Avo, et cacciarono con uccisione Amulio precipitandolo dalla

972 1757 2418 127 Rocca: et posto nella signoria Numitore, dove erano stati allevati fecero la colonia di Roma. La onde

950 1837 2440 123 i Romani, come si fussero huomini nati di divino concetto, li reverivano come loro Heroi: et nell'Hym

958 1915 2434 128 ni li cantavano: et era la loro vita Pastorale, et faticosa; et facendo nella loro gioventu capanne di

950 1985 2402 138 canne nel colle palatino, et nel Saturnio Capitolino, come dicono Vitruvio et Dionysio Alicarnasseo.

962 2070 2424 133 vi fecero poidi fabriche, et quelle capanne furono con somma reverenza conservate, et l'una di esse si tro

950 2152 2448 136 vava conservata insino nell'imperio di Augusto, da sacerdoti mantenuta intera, sempre ristaurando¬

952 2226 2436 158 la di que legni chele mancavano. La quale era nel cantone del colle Palatino, per andare al circo Mas¬

944 2311 2442 159 simo è chiamata la casa di Romolo. Scrivono anchora che quando questi duoiNepoti vennero in mano

952 2396 2450 159 di Numitore erano di deciotto anni. et fu per causa d'una lite condotti, come accusati di cose di furti,

958 2485 2428 145 et di violenze usate à pastori conla loro fierezza. Et per che Numitore teniva Ragione di questo per

950 2582 2428 132 Amulio in Tuscolo; et perle effigie et perlo sangue et perla eta li conobbe cosi volente il Fato. Et quivi

958 2662 2424 126 in Tuscolo fu fatta la congiura contro Amulio, et venne fatta per che fusse edificata Roma. La quale conle

958 2755 2432 107 emulationi pria di vicini, i Romani tirati à guerra, pria vinsero, i sabini, cenenesi, crushemini. po

952 2829 2436 123 scia ilatini et li Toscani, dipoi i samniti et li campani et il resto d'Italia, et cosi Roma ampliandosi so

966 2908 2430 121 pra ogni altra città facendosi padrona et famosa, et piena di fatti egregij, di huomini forti et virtuo¬

952 2982 2446 131 si, et di grandezza et di signoria, et di suntuosissimi, et miracolosissimi edificij, piena d'ogni nobilta, et

950 3067 2458 137 madre ditutti divenne universalmente, et di tutte le cose eccellenti dell'arti delle ricchezze, delle cose

968 3143 2400 143 che apporta la natura, et da quelle del studio ritrovate. per che doppo la sua fundatione come è detto,

966 3232 2442 126 mando fuora tali huomini, che si fecero signori del Mare et della Terra: et hebbe et harra delli piu religio

960 3304 2432 130 si et piu giusti. et li piu valorosi inguerra: ne havendo alei per essi resistere nessuna natione ne gre

948 3379 2440 147 ca ne barbara. per cio che accrebbe l'imperio, per l'Europa tutta, per l'Asia, et per l'Africa, dilatandosi

948 3473 2452 141 sempre per settecento quarantacinque anni, cominciando da Romolo insino al consolato di Tiberio Clau¬

954 3570 2406 113 dio Nerone, et di Calpurnio Pisone i quali nella olympiade cento novantatre furono creati consoli,

954 3664 2406 123 Roma intalhora havea trecentomila cittadini da maneggiar armi, armati d'ogni valore. et per

958 3754 2422 127 due mila et duecento anni sempre come dice Censorino, à giusa d'un'sole splendente stette nell'alzare

966 3834 2406 125 et fermare il suo stato. si come gli promettevano l'annuntio delli duodici Avoltori che apparve

974 3910 2422 141 ro à Romolo nell'edificare il nome della citta, la quale battezzo di nome occulto chiamandola Va

960 4002 2436 147 lentia. et alla scoperta Roma, et questo basti del suo evento del suo edificatore. et peraccompagna

976 4082 2412 165 mento havemo poste quiseguentemente alcune memorie che si trovano scritte nell'antichi mar¬

956 4178 2388 175 mi: et il resto havemo trattato nella discrittione generale d'essa inquattordiciRegioni, dove sono di

960 4274 2422 151 chiarate tuttelesue particolarita delli edificij. Dice Dionysio, che la città imperadrice dela Terra

976 4364 2386 147 al tempo suo era di grandezze come Athene: Ma di poi molto piu accrebbe, et havea un popolo di marmo,

958 4456 2390 137 et unaltro d'huomini, come fu altempo di plinio. Havea Trecento Mila huomini censiti nella militia.

976 4548 2364 125 Et finalmente fu di circuito disegnata da Aureliano Imperatore di trenta miglia come scrive

940 4658 444 63 Flavio Vopisco.
