3800 5255
3138 186 152 109 70

3059 260 142 164 67

325 326 2369 166 istesso, et vegghi le cose honeste che ha da dire, et quelle che ha da tacere et nemer'ascose, et quelle

329 463 2351 111 che ha comprese colla bellezza dell'animo le quali escono à perfettione solo dagli huomini felici è di

339 555 2327 147 spregiatori dela fragilita humane. Come si legge dela fortuna di Romulo, di Numa Pompilio, di Ser¬

330 658 2353 119 vio Tullio, è quella di Anco Martio, et di Augusto: benche siano stati molti altri imperatori et gre

336 745 2326 133 ci et latini, fortunati, et daloro principij se veduto, che per voler divino siano stati inalzati: ma se

340 859 2336 106 questi furono tutti fortunati non furono gia felici. ò che fusse la pigritia loro, ò la tristitia di popoli

334 939 2342 127 ò altra malitia, hebbero il fine difficile, come appresso de Greci Solone, Miltiade, Socrate, pelo

346 1049 2331 131 pida, Leonida et glialtri, come appo di Romani Galba, Caio Calligola, Nerone, Galba dunque il

330 1137 2362 150 quale libero la patria dale mani Neroniane, fu poscia da Othone maltrattato, per essersi troppo refre

352 1262 2386 113 dato nell'Imperare suo. Havengha, che questi facessero tutti tristo fine, parve che la fortuna li inalzas

354 1382 2353 151 se come per loro felicita et la Fortuna aversa fece l'opposito, come fece in Caio Calligola, in Caesare,

350 1479 2396 174 in Pompeio, et nei tempi piu bassi in pertinace, in Septimio Severo infelicissimo nei figliuoli quan

354 1602 2354 128 tunque esso fusse volorosissimo et celerissimo in ogni prestantia, il medesimo, al buon Marco Aurelio

346 1728 2372 118 Antonino, acui nella philosophia nealtro valore, il fece contento de Figliuoli. Oh' quanti di poi hebbe

330 1809 2362 162 ro lo imperio, che furono uccise nel fiorire, dello loro stato: come avenne all'Antonino Helagabalo,

341 1953 2357 137 a'd'Alexandro Severo, à Philippo et suo figliuolo à Decio et li figliuoli, à Maximino et suo figliu¬

332 2056 2330 124 lo come andarono, questi giunsero sul fastigio dell'Imperio, et ne pricipitarono dalla più alta cima,

329 2145 2360 164 come ne precipito Valeriano et Gallieno, et tanti altri che per via licita et inlicita, sono andati à filo di

318 2244 2353 134 spada. Ordunque tutti gli imperadori fanno nella medaglie loro la Felice Fortuna et l'altre per mo¬

330 2362 2330 131 strare quel che volevano, et non quel ch'erano, visi rappresento gia non mai. La stata Fortuna di

330 2471 2330 145 Flavio Vespasiano, hebbe pria molte fortune varie, molto faticose, et perse istesso colla Fortuna

338 2570 2357 138 tollerante si giovò assai, ma non hebbe egualita ne figliuoli: ma glie benvero che la sua sollicitu¬

336 2672 2339 129 dine, et la sua prudentia fu tale, che non solo vinse le cose passate sotto i pericoli Caiani, ma supe

345 2781 2321 134 ro la fortuna cattiva, è spinse tutta la civile guerra, perla discordia nata tra Othone et Vitellio,

351 2863 2321 149 cosi egli sicome vinse i principi havesse superati i Vitij di Domitiano, sarebbe stato felice: et non

339 2968 2324 150 senza cagione in questo di mostrativo modo posero nella medaglia la fortuna Flaviana Felice, la

336 3093 2343 127 quale ha il corno dell'abondantia il caduceo dela pace, et il Freno del governo col mondo sotto. et

345 3172 2295 148 talvolta senza corno copia. La quale ancho seppe assai bene seguitare il suo figliuolo Tito Vespa¬

342 3300 2312 108 siano, quantunque tutta via Domitiano suo fratello il tribulasse con ogni maniera di insida. et

343 3392 2310 141 questa Dea anchora: molto meglio sela usurpa il Gran Nerva Coccei. et poscia Ulpio Traiano

343 3506 2351 175 che fu grande et degna elettione: il quale nel Valore dela guerra, fu eguale ad'ognialtro principe, ma

344 3629 2332 129 non pote esseguire, ne ancho esso la felicita, che designava et voleva, per cio che egli hebbe ancho delli

330 3749 2338 124 intoppi et fastidiosi inscontri de suoi nepoti. Ora per non andar' dicendo della Fortuna Felice quel che si

345 3836 2376 177 potrebbe dire, brevemente accennaremo dell'altre, sotto altri cognomi. La Fortuna appellata conser

353 3957 2340 196 vatrice, et la Reduce, et la Victrice, fecero vestite, colla destra, tien la tazza, et colla sinistra il Ti¬

346 4096 2310 97 mone col pie destro sopra d'una palla come una sphera, si poggia. altri lhano posto in mano la Vitto

339 4166 2362 209 ria, altri la palma, altri il corno dela copia. La Forte Fortuna Vincitrice, finsero in moto di caminar',
