3800 5255
2988 213 158 54 41

3150 290 114 57 38

420 374 2536 126 ROMA, ò pure, ΡΩΜΗ, è citta di Italia, madre et capo di tutte le virtù et de tutti i popoli, sola

460 492 2472 100 al mondo regina et difensatrice dele genti di tutte le città. donde il cittadino si dice Romano, et

452 600 2520 92 Romano il Municipio di essa città posto nell'oschi campani. et i Greci dicono Romaeo, cosi ΡΩΜΑΙΟΣ

456 702 2492 89 come da Thebe ΤΗΒΑΙΟΣ, et si dice ΡΩΜΑΙΑ, et ΡΩΜΙΣ, quella che noi dicemo Romana, all'

456 800 2484 87 uso latino come disse Terentio. Ora questa città signora di tutte le bonta, hebbe si antico origene,

456 898 2492 96 che ha dato materia di dire sopra del suo nome, derivato da varij modi, invarij tempi, invarie occa¬

456 1006 2496 84 sioni confirmato sotto un'solo significato, et se bene pare che alcuni si contradicono nella sua analogia

468 1094 2486 96 non dimeno nel medesimo suono concorrono, et senza alcuna discrepantia il formano sotto un'nome for

438 1210 2502 89 te et possente: et tutti lhanno derivato dala gagliardezza del valore et robustezza, ò dicendolo dal sito, che

442 1324 2506 89 dal valor degli edificatori suona valore et gagliardia d'una suprema virtù: Impero che sopra di esso no¬

458 1428 2476 91 me hanno scritte queste cose. et perla prima sentenza Varrone traglialtri porremo, che fù l'oracolo dell'

442 1544 2480 91 antichità del popolo Romano, senza negare la varietà recitata da molti greci nanzi alui scrittori

446 1660 2496 87 degnissimi, et senza mancare à quel che si ricerca alla verita, confessando Roma esser stata più volte

448 1768 2466 85 edificata sotto il medesimo nome, come confirmata per diversi auttori: et per l'ultimo come fù essa ò

442 1870 2498 93 iluogo gia chiamato Romone, diede il nome à Romolo et à Remo, et questi lo diedeno à lei per essere nellu

428 1986 2480 86 go istesso allevati, et da essi inalzata nel dedurvi la colonia Albana latina. Ma pria che havesse nome di Roma, nanzi

430 2088 2468 80 et di poi fù chiamato il medesimo colle, Palazzo, Palatino, et da sabini prima, et poi dall'Arcadi, et dall'Ar

446 2202 2466 85 gei: Ma colnome di Roma il medesimo luogho lhebbe da circa à due volte, per piu edificationi che vi fu

434 2311 2484 89 rono fatte et nel colle et circa ald'intorno ad esso. Et l'ultimo nome fu quello che gli lasciarono Romo

424 2424 2486 75 lo et Remo fratelli figliuoli di Marte et di Ilia Rhea Vergine Vestale Albana dela progenie di Numi

424 2518 2480 87 tore fratello di Amulio Re degli Albani quando essi giovanetti gia allevati inquesto luogo espulsero da l'

436 2614 2492 117 stato il Traditore Amulio, et rimesso Numitore loro Avo donde era stato cacciato in Alba Longa, et d'indi con

440 2716 2468 115 dussero sul palatino Romone gli habitatori. Cosidunque pria che questo inquesto luogho di Roma fusse

420 2814 2470 123 edificio deli detti fratelli, fu appellato Palazzo da sabini, poscia sendo guasto il luogo fu detto Romone, di

418 2932 2490 97 poi guasto, questo oppido fu detta Palanteo et palatino da Evandro Re degli Arcadi denominandolo da

414 3044 2504 81 Palanteo, ò Palantio sua patria lasciata in Arcadia, per necessita di non potervi vivere passo in Italia

432 3140 2456 91 con Arcadi et Argei, et chiamo questo nuovo albergo in tal modo, ò pure lo denominò da Pallante suo fi

418 3254 2464 85 gliuolo, ò pure dal sacello di Pales, che vifecero perlo augurio, comprato il luogo da pastori latini volle re

422 3364 2638 87 verire la Dea di essi bifolci et porcari et pecorari i quali habitavano le grotte delluogho rovinato. Doppodicono che

410 3458 2440 99 Evandro anchora fu edificatoisotto nome di Roma, et rovinato anchora sendo ridutto à pascoli di Tauri

414 3560 2464 101 et di porci et d'altri Gregi, i pastori veneravano Pan iddio di Arcadia detto da latini Luperco et Inno, et

418 3662 2468 111 veneravano Pales, et sendovi un Pastore chiamato Fostolo, chealcuni corrottamente dicono Faustulo colla sua

422 3778 2446 99 moglie chiamata Larentia Acca, per fortuna nodricarono Romolo et Remo sopradetti; et inmemoria di

418 3888 2464 105 questo sendo fatti di età fortissimi come si dirra disotto, vi fecero Roma unaltra volta, che sempre di poi

420 4004 2460 111 accrebbe nella maiesta et imperio. Ma pria che fusse da essi edificata dirremo brevemente dela varieta

416 4114 2460 115 che di essa è stata referita da diversi auttori: accio che poi alfine si conosca la sua leggittima concordantia.

424 4226 2430 123 et gli auttori che prima scrissero sopra dell'evento di essa citta furono questi. Mithradoro Scepsio, Plu
