3800 5255
520 740 298 57 De Rhodopis Hero

498 802 336 55 doto nellibro .2.

502 868 352 48 et Plinio nellibro .36.

508 918 214 50 al capo .12.

918 404 2546 107 dal Monte si dice Rhodopeius et Rhoda paeus Orpheo, come il dice Ovidio nel decimo delle trasmu¬

936 482 2486 145 tatione; percio che quivi secondo alcuni confabolo: et compose li orgei. Fu ancho Rhodope, overo

942 590 2456 131 come altri la scrivono Rhodopis, come referisce Suida, ΡΟΔΩΠΙΣ, meretrice nobilissima in

944 699 2442 150 Thracia: che anchora nelle Favole di Aesopo si conserva presso di philosophi, alla quale fu fat

946 824 2452 132 ta quella maravigliosa pyramide in Aegyptio di cui parla Plinio nellibro trentesimo, septo, et

3320 862 198 62 al capo.12.

934 910 2488 157 Herodoto et Diodoro Siculo anchora: Alcuni fingono che fu amata da Charaxo fratello di Sap¬

946 1012 2484 149 pho Mytilenia Poetria. Ma costei hebbe una sorte, per cio che una sua scarpa la fece felice, laquale

964 1116 2478 151 essendo rossa aduna sua serva gli cadde in uno Horto, et veduta quella da una Aquila la pre

940 1208 2540 147 se nell'artigli et la porto, fin dove passeggiava il Re d'Aegypto, il quale veduto la dilicatura

942 1312 2472 131 della scarpetta et la politezza, fece cercartanto, che trovo quella che lhavea portata, cosi per

934 1419 2524 109 questa buona fortuna Rhodope si fece Regina; et Sappho per amore si gitto in mare dall'Leucadio scoglio

930 1509 2522 105 et fu honorata de Mitylenij per Venere. Ma hora il Monte Rhodope barbaricamente viene appellato la Montagna

910 1598 2576 104 dell'Argento et fu detto da Rhodope impia donna stimata da Greci come contemptricedegli Iddij. Et fu esso monte

910 1680 2544 106 ridotto nel ristretto della Macedonia da Philippo Re tolte alla Thracia come dice Theopompo presso delgrammatico,

926 1763 2564 100 onde in Macidonia lo mette Plinio nellibro quarto al decimo capo. et da qui Ovidio chiama Rhodopeia Phylli, dis¬

918 1843 2572 101 gratiata fanciulla: ondelhabitatore Rhodopeio et Rhodopeia, come nel latino Rhodopeius, Rhodopeia, et Rhodopeium.

908 1909 2302 75 si scrive. et secondo dice Herodoto il Monte Rhodope, è nel mezzo del Monte Nemo in Thracia.

824 1959 2648 132 RHODIORI, so detti à Rhodano, et, ΡΟΔΑΝΟΣ, ch'è fiume della Gallia rapidissimo detto Rhodano da Rhoda

954 2064 2482 130 colonia di Rhodioti che vi fuedificata, di cui parla Plinio nellibro terzo al capo quarto. Egli

944 2166 2494 110 nasce nell'Alpi Raetiche, cio, è dei Raeti popoli Alpinei: non guarì lontano al fonte del Rheno.

934 2262 2536 113 et irriga per Lamano Lago, et d'indi verso occidente perla Gallia corre nell'Arar' presso di,

934 2368 2536 101 Lugduno, ò vogliamo dire Leone citta, et di quivi volgendosi à Meridie, mette nel Druentia, et

942 2454 2498 109 Isara, et poscia ad Heraclea con una foce sola nel Mare Massaliotico versa le sue acque.

950 2552 2470 122 cu è nel Mare di Marseglia, di esso parla Lucano nellibro quarto quando dice — HOS CAMPOS

936 2646 2500 112 RHENVS INVNDAT. HOS RHODANVS. Come è detto piùdisopra nella Voce Rhodano, che da esso

920 2728 946 77 sono detti i populi celti: et Narbonesi.

790 2811 2348 91 RHODOGUNE, fu luogo nella Persia detto da Rhodogune figliola di Dario. secondo referi Quadrato.

830 2897 2694 97 RHODOPHANE, ΡΟΔΩΦΑΝΗ, fu detta una parte della Syria, posta verso il transito del Tauro Monte, secondo Ptoleameo.

904 3044 2548 137 RHODOS, et Rhodi, i greci parimente ΡΟΔΟΣ, è citta et Isola nobilissima nel Mare Carpathio.

946 3158 2538 137 adiacente alla caria di cento trenta miglia di circuito. che pria fu detta Ophiusa. Aste¬

956 3256 2504 155 ria, Aethraea. da essa la città fù detta Rhodo dall'ultimo nome tratto da una fanciulla.

958 3356 2462 143 amata da Apolline Rhodia chiamata, di cui favola Diodoro Siculo nellibro sesto, et dice

944 3474 2496 141 esser detta dale Rhose ove furono ritrovate. Fu sacrata al sole. et la citta sua principale fù

944 3567 2542 169 essa Rhodo, la seconda fù Camyro la terza Lalyso. dotata di tante opere de imagini colosse

940 3649 2494 179 sacrate al sole. et di un'porto doppio ammirabile, da potere nervi copia di Navi, sostenne

928 3762 2526 160 anticamente anchora l'imperio del mare. et pati gravissime incursioni de pyrati. fu annume

924 3884 2021 108 rata la terza isola degna nelle cose Asiatiche. per cio che Lesbo, et Cypro

2890 3910 136 41 sebene

2945 3959 523 58 sono maggiori di

936 3998 127 37 essa

1024 3938 772 53 non l'avanzano di fama illustre per

1063 3999 1808 98 che secondo scrive Solino Polylistore, che intutto l'anno non sitrova

2876 4011 144 40 pure un

2871 4061 553 57 giorno che sia tanto

928 4066 2530 183 occupato dalle nuve, che essa venghi privata dala luce del sole: per che ogni giorno il vede. Onde

936 4176 2538 173 Horatio disse CLARA RHODO, nelllibro primo deli carmi, come havemo detto nelle cose della Vil¬

892 4284 2544 151 la Horatiana Tiburtina. Hora da Rhodo, si dice Rhodioti, et, ΡΟΔΙΟΙ, et Rhodia, et quando fù

896 4382 2576 142 detta Aethraea, si dicevano Aethraci, ò vero, ΑΙΘΡΑΙΟΙ, i popoli. Scrivonla i latini Rhodium, et i

900 4470 2143 138 Greci ΡΟΔΙΟΝ. et Cicerone la lauda dall'essere ogni di veduta chiara dal sali naturalmente

2924 4498 140 66 et percio

3043 4546 437 62 . Veneravano gli Rho¬

904 4552 2570 160 dioti il sole, et nelli suoi Nummi si vede con la testa Radiata, et conlo fiore di Clytia, che sempre si volge ad

864 4640 1936 130 esso amato sole: incui fu trasformata una bella fanciulla; cosi chiamata.
