3800 5255
3139 186 116 55 19

3210 256 131 55 16

1418 251 348 60 DI RAVENNA.

436 367 2668 84 RAVENNATIO, Ravennatium, si diceva illuogo del Porto di Ravenna altramente chiamato Classis perla statione

460 471 2616 72 Navale dell'Armata Romana come havemo detto più disopra: lo quale luogo fù informa d'una città conli suo propu¬

454 573 2628 68 gnacoli et conli alberghi delle fameglie dell'habitatori et delli Maestri della Classe, officiali et lavoratori, et de principi dell'

462 669 2618 70 armata: et delli collegiali, di quelli ch'erano centonarij, che lavoravano le centone Militari, et delli Dendrophori, ciò è di

462 759 2616 72 quelli che recavano delli legnami. Per questo si trovano nelle intitulationi sepulchrali et nelle dedicationi delle statue,

438 853 2646 72 gli ufficiali. Come di principi della classe, Ravennaitia. scriba della classe, Maestri della istessa classe Ravennatia.

458 950 2640 73 Prefetti d'essa. Patroni ò difensori del Collegio de Fabri Navali, et di quelli Fabri che lavoravano il Ferro. Vi erano

448 1030 2684 103 gli scriba pretorij, delli Triarchi Navarchi, à vogliamo dire Triumviri delle Navi curatori. I custodi dell'Arme. I Decurio¬

442 1130 2693 108 ni et presidenti delle cose necessarie perla giustitia et pro vedimenti. Il prefetto consulare, i curatori. Haveano presso al

440 1233 2672 112 la classe selve d'Arbori di Pigne: com'era anchora nella Classe Misenatio Sul Mare Opio campano medesima¬

450 1326 2694 115 mente simile à questa di Ravenna, ove era il porto Iulio circondato di colonne di marmo historiate delle cose della

446 1402 2682 131 Vittoria di mare, et vi era il Tempio di Neptuno, con quello di Apollo, et etian de Iside à cui fùconcesacrato lo pino arbo¬

446 1493 2686 134 re, come dedicato à Neptuno. Et ne havemo veduta memoria in Taboletta di Bronzo in Roma in mano di M•Thomaso

462 1594 940 95 Spica, portata da Ravenna, simili cose, c'erano nel Misenatio essere stato nel porto Ravennatio come dice la in¬

454 1674 952 93 intulatione la quale è alquanto mutilata et guasta. Hor dunque questo dignissimo luogo non meno ha havuta trista sorte

1452 1811 1702 126 che habbia havuta Ravenna et Roma et tutta l'Italia, per chè sendo da

1472 1899 1658 110 barbari Gothi, Visigothi, Ostroghoti, da Scythi et dall'Heruli et altre

1446 1977 1660 100 strane nationi guastata Italia et consumata le città tutte dell'impe¬

1394 2081 1708 94 rio sotto poscia della bassezza trascurate le cose accrebbeno sempre le rovi¬

1386 2193 1704 80 ne come ogni hor crescono le negligentie, senze tenere cura de reparare

1408 2301 1662 86 i, luoghi ogni cosa si vede guasto non solo in questo luogo della classe Ra¬

1382 2395 1684 92 vennatio: ma tutti i porti attorno alla Italia sono dissolati et privati di

366 2477 2722 112 quelantico splendore et integrita, et sendo intralasciate senza cura alcuna i luoghi gli fiumi et il mare ha ricalzati isi¬

470 2589 2596 104 ti at atterrati i luoghi de porti, percio che in ogni luogo, e qualche fiume, che sempre porta materia nel mare etesso

454 2685 2610 116 la ritorna interra, et per questo Ravenna tutta via si va scostando dal Mare. et così viene guasto il luogo della classe

456 2775 2572 120 che già serviva alle cose dell'Asia et della Grecia et del'Ponto Thracio et Macedonia. et quel del misero All'Africa

452 2867 2598 126 et all'Europa. Delli quali luoghi partivano due grandissime armate, che importavano al tempo d'Hadriano imp

460 2969 2594 128 eratore mille e cinquecento Galere, senza le Navi delle provisioni, et pompe della guerra: È cosa dunque

452 3091 2586 98 maravigliosissima à considerare, che tanta grandezza de Romani sia risoluta et spenta, et li porti insieme sia¬

450 3193 2588 100 no guasti, che poco ò niente d'essi si trovano vestiggi, et se noi non havessemo vedute alcune superbe reliquie

458 3293 2590 102 et gli scritti in marmo nè pararebbe, che quello chei scrittori dicono fussero favole: ma nel vero essi non n'hanno

458 3385 2564 96 detto abbastanza di si alta possanza. Havea esso Porto Ravennatio un superbissimo phareglione ò Torre della

458 3477 2574 120 notturna scorta, che dava segno col fuoco di notte ai naviganti .et hora è puro fatto diserto et insicuro litto.

454 3611 2558 76 Et Ravenna dunque è stata famosa sotto quattro nomi. In Berytio, in Ruenna, et Ravenna et Navenna, et

450 3709 2596 98 perla classe Ravennatia Romana. Fu Ravenna mancando l'imperio governata dall'Exarchato. di sei huomini

454 3823 2614 94 invece delli Decurioni et dell'Augustali et del Maestro Augustale, ch'erano sei huomini sotto d'Augusto sotto no¬

454 3925 2630 98 mi di. V̄Ī: VIRI AVGVSTALI. et colloro Magistro, cosi poscia nel tempo moderno, mutata la parola de seiamviri Augusta¬

454 4021 2606 106 li fù conla voce greca, chiamati l'altri ufficiali Exarchi. Come dicono il platina et glialtri moderni auttori che del

446 4127 2610 108 Exarcato scriveno. Vno dei quali fu questo Aurelio Valentiniano Exarcho, padre di Aurelio Ianuario, à cui fecelo

450 4231 2448 89 sepulcro in Milano dove il figliuolo mori, della cui intitualtione che in Milano si trova scrive Merula.

1282 4318 104 46 D•M

1142 4387 608 46 AVRELIO•IANVARIO

1122 4454 628 49 SIGNIF•DAEL•MAT•FORT•ET

1132 4517 612 41 AVRELIO•VALENTINIANO

1140 4568 630 55 EXARCHO•POSVIT•AVRELIVS

1200 4632 456 45 PATER•LANVARIVS

1148 4736 720 55 VALENTINIANVS•VIXIT•AN•XXXII•

1344 4796 252 45 M•III•D•VI

462 1782 834 77 NEPTVNO•CONSERVATORI

464 1856 812 70 ET•ISIDI•MATRI•DE.......

594 1929 614 60 INLVCI•CLASS•RAVEN

806 2001 160 48 SACR

454 2046 810 61 L'ANTIDIVS•L•F•PAL•FEROX

518 2110 654 51 PRAEFECTVS•CLASS....

458 2172 822 62 RAVENNAT•PATRONVS COLLEG

448 2244 808 67 FABR•NAVT•PRAEF•COLL•FABR

462 2304 786 59 FERRAR•QVINQ•II•L•D•D•D

454 2356 770 72 ...........INCOLL•DECVR.
