3800 5255
3032 174 104 66 23

3184 251 102 64 20

1088 238 486 70 DI RAVENNA

436 364 2672 110 di Lupo et di Apro. Ove si vedono duoi Delphini, et la Gorgona. Che secondo il nostro parere, sono simulacri po¬

426 452 2638 108 sti ammuniendo gli huomini; come la vita nostra et assimigliata al mare, che sempre con improviso turbine

428 548 2656 96 annuntia il periglioso varco, et quello horrido stuolo delli gravissimi perigli, tutto viaggio, et piazza larga

422 641 2646 87 et profonda della trista sorte. et solo la prudentia, è quella che rintuone et fà cauta la vita di ciascuno, et

444 725 2632 91 à chiunche la prudentia, è nascosa, gli è spavento et Terrore. per cio che sempre in ben provista Nave si con

414 812 2654 86 viene navigare. et pratticare la mondana mercantia: senza lasciarsi togliere la prudentia, come concio

426 898 2654 77 sia cosa fù tolta à Medusa figliola di Phorci Re del mare, dalla forza et vigilanza di Perseo figliuolo di

426 982 2638 73 Iove. et del sangue della Gorgona impi di serpenti atroci di mortale veleno tutta la Lybia. Di maniera

424 1062 2656 82 sinqui ne ammonisce è significa, che la prodenzia giova, et la trascuragine somerge et soggofa la vita

424 1146 2660 91 di ciascuno nel mare del periglio, et del pianto: et aduce lutto et publica mestitia, cosi dunque i Delphini sono

416 1234 2644 81 della Tempesta et dell'Amore cavalcati nei nostri desiderij, che ci recano piaceri et pericoli dalla matina alla sera

428 1316 2640 90 et de dì et de notte semo assaltati, hor dall'una dilettatione, hora dall'altra per accidenti vengono i piaceri et gli di

414 1408 2682 78 spiaceri che ci muovono, et ci tirano con varie lusenge ad amare le humane cose, et cosi alfine de nostra vita non

402 1519 411 38 senza tempesto

784 1458 74 54 so

813 1519 717 34 mare et oscura perturbatione.

1474 1467 100 38 si muore

1530 1509 1532 46 il Leone ce significa la Vigilanza et la fortezza nella quale la

412 1591 2636 59 generosità deve fundarsi con una degna et honorevole Fatica insino alla morte, vivere della salda Virtù con

410 1669 2642 71 stante et forte. Percio che in ogni grado la generosità et la Fortezza giova et fà l'huomo probo et buono agli huo¬

412 1754 2578 82 mini, et si fa degno di memoria. et questo denotava secondo gli Aegyptij il leone come dichiara Oro Apolline Niliace.

310 1864 2768 88 Trovasi nella chiesa di Santo Severo in Classe, questa sottascritta intitulatione, che come si vede perlo modo del scrive¬

1150 1956 1900 80 re et delli caratteri è delli tempi antichi, ma molto recenti anoi, et vi è scritto

1154 2044 1972 84 Dalmata Natione, perla .A.che gia ne tempi buoni antichi si scriveva perla .E.

1150 2128 1972 90 Delmata dalla Delmatia Regione, che finalmente si vede, che è stata detta Dalmatia

1166 2218 1948 90 come usa hora il vulgo, et Delmata la nazione, gente italica che nellaClasse Roma¬

1156 2312 348 64 na Militava.

432 1948 48 68 D•M

448 2051 568 70 LAEGANIVS

458 2144 542 64 LARGIVS•NAT

450 2237 429 51 DALMATA•

493 2177 73 58 SIC

879 2233 127 53 VIX

454 2306 554 52 ANN•XXXXV•

442 2375 584 63 MLL•ANN•XXII•

426 2457 590 53 C•ANTONIVS

608 2527 224 48 SVPER

426 2576 580 59 C•SERTORIVS

502 2648 512 61 VALĒS•H•P•C•

390 2792 2634 124 Fù gia trovato nella Villa di Sanpietro in Vincola fuori di Ravenna, et traportato nella città incasa dalli Rugini.

1698 2916 1344 120 Lo quale sitrova molto mutilato. Ove sono interi quelli effi¬

1686 3014 1328 126 gie, et conli nomi imperfetti. Vi è la Gorgona, come è detto,

1680 3114 1426 132 imago della prudentia che reca Terrore et spavento data alla Virtù

1692 3210 1376 132 dell'huomo Militare. I Leoni medesimamente denotano la for¬

1690 3314 1346 139 tezza et la Legalità, et il Vigore del forte capitano. Come vera

1676 3416 1366 113 mente si conobbe presso de Romani chiara la Virtù constante

1678 3524 1360 128 et forte ne primo Caio Mario, che fù settevolte consolo, et

1668 3630 1366 122 triomphò di Cijmbri di Tentoni, et del Bello Iugurthino della

1660 3740 1418 142 Numidia. Lo quale fù di origine Latino Arpinate, et d'indi venne

1660 3844 1392 146 à Roma lo suo ceppo; et poscia per Italia et particolarmente nei

1654 3978 1360 110 coloni Ravennati dedutta la gente d'essa Maria Fameglia.

1658 4080 1400 116 Ove in questa memoria sivedono della stirpe libertina, che

1660 4188 1362 132 in Ravenna militava come si trova in altre memorie di

1611 4285 1445 126 simile Fameglia in molte altre colonie dedutte in diverse parti

1602 4377 426 73 dagli imperatori.

391 3242 1073 85 VIVVS•FECIT•SIBI•ET•SVIS

541 3590 808 94 C•MARIVS•C•L•CLEMENS

533 3638 823 97 MARIAE•TESPIAE•L•SABBATHIS

483 3990 849 102 C•MARIO............................

482 4032 847 105 AGILI•LIB........................

493 4372 273 64 ..............
