3800 5255
3049 212 132 53 14

3157 288 121 50 11

422 414 2538 100 et intal tempo Ravenna si diceva Ruenna. Ma nella Chrestomatia di Epaphrodito Grammatico greco, senza di¬

452 519 2514 93 re il tempo ò l'età, disse ch'essa si diceva Ruenna dal consumare et portar de fiumi le inundationi, molto lez¬

422 629 2550 70 zo, et dal rebattere, et spartire che ne faceva il mare in esso sito, ne prese tal nome, sendo situata infra il Mare

438 724 2500 83 et il Rompere de Fiumi et dalli Fluviali stagni combattuta in una fauce di Terra. Avegna dunque che nel suo

448 824 2514 95 principio potesse esser detta Ruenna et Navenna, non dimeno chiaramente Strabone nel quinto della Geogra¬

446 932 2520 95 phia, come si trova ancho nella chrestomatia fatta sopra d'esso Strabo. che Rhuenna, ò che Ravenna pria fù opera de

452 1040 2514 99 Thessali, ma non potendo essi soportare l'ingiurie fatte loro da Toscani; ricevevino spontaniamente alcuni Om¬

448 1144 2498 101 brici, ò Umbri i quali anchora per misino al secolo d'esso Geographo habitavano, et che da essa città finalmente

444 1248 2558 101 i Thessali si partirono et vi restarono l'Ombri: et tutte queste successioni de mesticanze ritornano alle cose dette prima.

432 1360 2534 97 Stante questo altri vogliono, che pria sendo passato Chan et Camese di Noè et Iano, et ivi apoco Saturno Aegyptio

416 1468 2522 107 Iano partì il Regno suo con Saturno, et da Iano erano dedutte altre colonie in duodici città Toscane, come Fù

426 1570 2510 113 Ianicolo, Populonio, Cosa, Clusi, Veio, Tarquinio, Bolsinio. Sena, Aretio, Feronia. Agylla, Pisa. pria che di

424 1680 2520 105 Lydia passassoro i Tyrrheni in Italia, et i pelasgi che conle forze loro occuparono molti luoghi, ma scorsi in

408 1792 2538 113 sino à Ravenna, non visi poterono fermare come scrive Sempronio presso Dionysio, cosi i pelasgi uscirono di

420 1894 2532 115 italia conli Thessali pelasgi et ne andarono in Dodona et i Tyrrheni restarono infra il fiume Tibere et il mare

448 2010 2546 107 Tyrreno: et questa varietà mettono il corso doppo il dulluvio di dugento sessanta otto anni. Ma Beroso, dice

424 2118 2542 107 ch'esso Iano fù nel tempo, che furono denominati gli Scythi, Chaldei, Hebrei, Arabi Aramei, lo quale oppenione

408 2240 2558 97 par che toccano Homero et Strabone i stesso: ma non dicono il tempo dell'etate. Pure Beroso narra che gli Chaldaei

390 2348 2556 94 furono detti dalli figliuoli di Noè, et dalli medesimo detti i Greci Triphilij da Triphilo, et gli Aegyptij da Aegypto,

424 2446 2526 104 et gli Oceaniti da Oceano, i Libyci da Libia, et l'Asia da Asio, et in tal tempo l'Asia fù habitata da Arsa,

408 2552 2546 101 da Caelio, interpretato Sole da Greci, et Luna la sua Titea. Fu detto Noè saga da suoi nepoti, et Iano istesso

408 2667 2570 86 creduto per vigore della sua progenie et detto Vitifero et Vinifero, che i greci lo fingano sotto'l nome di Baccho,

412 2773 2556 72 di Bromio, di Iaccho et di Bacchapollo. et vogliono ch'esso proprio sotto nome di Iano venisse in Italia, ove mori.

420 2863 2518 86 et Genero Camisa: da Camisa, Comero, Gallo.che domino poi i Galli da lui chiamati. onde denominarono i

424 2959 2502 88 posteri suoi Lanigeni. Chiamo Gomero Iapheto Arameo, di cui la progenie vennero quelli detti da Latini

412 3067 2550 80 Aborigini. Et non pria che questi fustero stati assai tempo in Italia, non vi succedettero i Tyrreheni nell'He¬

410 3171 2554 76 truria. à questi i romani ultimamente secondo la portione de Tempi dissono Tusci, Hetrusci, Ianigeni, et

410 3271 2546 83 da Tyrrheno Lydo Tyrrheni et Lydi. Altri affermando la origini delli figliuoli di Noè et de Nepoti voglio¬

414 3371 2566 99 no, che in contenente à Noè succedesse, Elerna Crana sua figliuola, et doppo vi arrivo Sabatio da Sabatia,

422 3471 2558 99 Nemrode Saturno, fratello di Babylonico, figliuolo di Cur' Nepote di Noè, con chamo suo figliuolo. Nel me¬

406 3573 2566 97 desimo tempo i pronepoti di Noè in Armenia Aramea regione discordanti con Nyno lasciarono l'Armenia:

406 3674 2556 118 et l'Assyria et passarono il Fiume Tanay, nell'anno doppo l'universale dilluvio trecento duoi. In questo

418 3792 2546 98 tempo vogliono a Iano succedette Sabo primo genito, a costui succedette Erano fratello d'esso Sabo. Dipoi Arum¬

406 3897 2538 93 no, è Gryphone, et dipoi Ausone che disse la Italia Ausonia, quando vi regnavano in diversi luoghi l'altri

398 4007 2574 99 fratelli de sudetti nominati Maloto, et Tagete. Nell'anno cinquecento quaranta doppo il Dilluvio, alli det

414 4102 2570 105 ti succederono, Phaethonte, Aethiope, l'uno nato del Nepote di Noè, et l'altro da Cham, che con nuova arma¬

394 4199 2550 109 ta da Aegypto vennero in Italia, i quali con le Navi capitarono nell'intima parte del litto del superiore Golfo

418 4295 2534 106 detto poscià Atrio et Adriatico. da Atria città che dicono anchora essere fatta dalli Tusci. ove di poi i paphla

410 4399 2550 98 goni Heneti Troiani populi scorsero profughi con Antenore, in successione di tempo, et tenendo questi luoghi

402 4499 2566 94 Italici sopra al pado nel paese della Gallia padana detta da Gallo sopradetto che poscia fù detta Gallia Togata
