3800 5255
358 262 2460 79 RATHELSPURG, è città della Stivia capo della Carinthia, che gliantichi chiamavano Bolentio, ò

390 349 676 70 Bolentium, et, ΒΩΛΕΝΤΙΟΝ,

368 752 2540 82 RATISBONA, è una delle citta Imperiali della Rhecia nell'Alemagna. Che gliantichi chiamarono Augusta

412 845 1826 62 Tiberij, dipoi fu detta dal vulgo anchora Reginoburgo, et dipoi Artobriga.

360 1341 2604 89 RATUMENNIA, et Ratumenia, è una delle antiche porte di Roma dallato del capitolio che guarda il sito del cir

400 1439 2546 75 co Flaminio. Chiamata da Ratumena Auriga agitatore delli guiochi circensi, che fu trasportato, et vi rovi

388 1529 2024 69 no. Scrivionla anchora Ractumenia, colce, invece del .T. altri Raptumenia.

372 1939 2578 79 RAUDUSCULA, et Radusculana, è una delle antiche porte di Roma, che havea le Valve di Bronzo, et la effigie

428 2025 2500 83 di Minicio Cippo pretore, detta da esso metallo che Raudo s'appellava, de che furono fatte le valve. et

384 2139 2600 60 dicevasi Ruduscula con la .V. in prinia invece dalla .A. dalla posterita: ma gli anticha da Raudum, Raudu¬

408 2214 144 52 scula

368 2253 2584 78 RAUCO, ΡΑΥΚΟΣ, et Raucox, fu città illustre nell'Isola di Crete, donde il cittadino gintilmente si diceva Raucio, et

406 2339 2580 89 Raucia, la donna, come nel greco. ΡΑΥΚΙΟΣ, et ΡΑΥΚΙΑ. et si scrive anchora per spiratione, Rhaucia, et Rhauco.

386 2439 2584 81 RAUDA, dicono alcuni ch'è la medesimo porta detta Ractumenia, come è nominata più di sopra: ma

414 2537 2542 67 essi si gabano, per che è la Raudusculana la Rauda;ch'en conle valve di Raudo cio è di bronzo. et

412 2621 2516 71 vi fu la effigie di Lucio Minicio Cippo, che potendo doppo Romulo essere Re non volse la signoria de Ro

412 2709 2584 66 mani, onde fù eletto Numa Pompilio, et egli fuori della porta Rauda ne andò in essilio in una sua

422 2783 2552 78 possessione: per cio che, dicono, secondo Ovidio, che tornando Cippo pretore dalla guerra, gli parve di

414 2863 2540 70 vedersi le corna incapo guardando nell'acque, et presone horrore domado agli Auguri checosa signifi

440 2947 2568 81 casse, gli fu predetto essere segno della gloria, et che sarebbe eletto Re della sua patria. pertanto egli fece

448 3032 2500 85 una oratione contra dise istesso, et si fece privare: accusando se istesso al pupolo: si fece cacciare da

430 3116 1142 83 Roma, dispreggiando la Regale auttorita.
