3800 5255
3013 230 161 57 37

3167 298 118 50 34

442 430 2512 133 RHODUNTIA, ò pure, ΡΟΔΟΥΝΤΙΑ, è Regione, nella Gallia Lugdunense sul Rhodano

492 528 2432 167 da cui si dicono Rhoduntij et Roduntio, nel singulare, onde i greci dicono ΡΟΔΟΥΤΙΟΣ,

498 650 422 83 et ΡΟΔΟΥΝΤΙΟΝ,

472 1006 2526 83 RHODUSSA, ò , ΡΟΔΟΥΣΣΑ, è citta Arguia, nell'Argolide, donde il cittadino s'appella Ro¬

526 1112 2440 73 dusto, òvero ΡΟΔΟΥΣΣΙΟΣ, come ΠΙΤΥΟΥΣΣΙΟΣ, et ancho ΡΟΔΟΥΣΑΙΟΣ. Onde alla cui imita¬

526 1208 2478 75 tione potemo dire Rhodusio et Rhodusaeo, come da pityussa pityussaeo et pityussio.

516 1948 2556 99 RHOEBUSIANUM, è nome della Villa di Raebusio liberto di Claudio, ch'era nel laurentino paese

552 2056 2532 93 latino cerca al Mare Tyrrheno: ove adi nostri sono state trovate molte statue rotte et in manera

576 2152 2448 85 rovinate, che appena si conoscevano, essere di Iove, di Neptuno,et delle Nymphe marine acca¬

562 2234 2448 87 vallo sui Delphini et suli Gryphi marini. Roebo, ò vero ΡΟΙΒΙΟΣ, è nome del cavallo che

576 2340 2424 81 havea Mazentio. Come si trova presso di Virgilio nel decimo dell'Aeneide, dove comincia cosi à

584 2437 2430 79 dire d'esso Re crudele di Thoscana: RHOEBE DIV, RES SI QVA DIV MORTALIBVS VLLA EST,

576 2519 2408 97 VIXIMVS et cetera. Lo quale Re combattendo contra Aenea fù in questo paese laurentino, chia¬

572 2612 2440 107 mato in Aiuto da Turno. et alcuni pensano che esso libertino prendesse il nome da esso Rhoebo, cavallo

576 2700 2496 131 sendo nato dali servi di Claudio imperatore, per essere curatore dell'Armenti dei cavalli dell'imperatore, et

568 2795 2488 127 liberto: ma noi non crediamo, che da Rhoebo cavallo venisse: ma dal nome proprio di Rhoebuscio.

574 2887 2498 131 Che puote derivare da Rhoebe, ò Rhoibio, ò pure da ΡΟΙΑ, ò ΡΟΙΑΣ, che suona Volutabrum Equo¬

566 2991 2498 134 rum: la qual voce Virgilio Uso nel terzo della Georgica dicendo, SAEPE VOLVTABRIS PVLSOS SELVESTRI¬

562 3073 2506 134 RVS, APROS LATRATV TVRBABIS AGENS. Per cio che chi cura gli armenti per luoghi aspriet pia

576 3168 890 95 cevoli va volgendo i suoi animali.

336 3248 2732 113 RHOETIO, RHOETIVM, ò vero, ΡΟΙΤΕΙΟΝ, è nome di Monte nel Troade aspro et nome di citta nel medesimo, dalla

576 3366 2486 93 quale Stephano dice il nome del cittadino Rhoetiense, ò pure, ΡΟΙΤΕΙΕΥΣ, et si dice ΡΟΙΤΕΙΑΣ, et ΡΟΙΤΙΣ

592 3476 1884 77 la femina. Et Rhoetio, è nome di monte nell'Isola di Corsica, secondo Ptolemaeo.

388 3567 2770 62 RHOETII, sono stati detti, i Marrubiori populi d'Italia, da Rhoeto Re di Marubiori istessi, nominato da Virgilio nel quinto dell'

582 3638 214 49 Aeneide.

540 3669 2576 90 RHOETIA è citta di Bactri cio è nella Bactriana Regione dell'Asia. et il nome gentile dicono Rhoetiano,

568 3761 2556 99 overo, ΡΟΙΤΙΑΝΟΣ, come Arienos et Bactriano, allusanza greca ΑΡΙΗΝΟΣ, et ΡΟΙΤΙΑΝΟΣ, et ΒΑΚΤΡΙΑ¬

564 3872 662 77 ΝΟΣ. Come piace à Stephano.

510 4108 2658 65 RHOETEVM, Rhoeteo et, ΡΟΙΤΕΙΟΝ, è promontorio et citta, ò vero oppido nel Troade, ove fu il sepul¬

550 4213 343 43 cho di Aiace

928 4172 164 38 ...

893 4202 2217 52 celebrato, come quello di Achille nel si geo promontorio Troadense. Da questo è ancho

556 4270 2564 74 detto il Rhoetio litto. di cui Virgilio nel sesto dell'Aeneide, TUNC EGOMET TVMVLVM RHOETEO IN

568 4342 2606 85 LITTORE INANEM/ CONSTITVI• Fanne menzione Dyte Cretense nellibro quinto dela Iliade. et dice che fu ope¬

542 4422 2562 82 ra di Pyrrho Neoptilemo edificato et consecrato il corpo arso nell'olla il loco dentro del Tumulo. Lo quale fortissimo

544 4508 2544 80 Aiace Telamonio s'uccise, per non piu servire in quella guerra à Greci, lo quale era doppo Achille il secondo di

552 4609 2560 71 valore, et schermito dall'insidie d'Ulysse, che gli tolse prima l'arme d'Achille, et poscia quel palladio, cose che

542 4704 2638 62 meritevolmente le doveano dare alui, s'ammazzo. Dicesi Rhoetea littorale maremma. onde Lucano: ET PRIMA

536 4771 516 61 RHOETEIA LITTORA.
