3800 5255
940 363 2574 101 RHEGMA: è una delle nobili città dell'Arabia felice: nominata da Uranio et da Ptolemaeo Geographo. da cui Rhegmaei

978 481 206 65 i populi.

970 678 2508 82 RHEGMATITE, et Rhegmatites, è nome di seno, nel seno persico come scrive Stephano, del quale havemo detto

1026 758 2438 86 piu di sopra, in Regma senza spiratione; per che in questo et inquel modo si trova scritto. Lo quale luogo è Ter

1030 840 452 68 ritorio Golfo, et Vico

966 2064 2534 70 RHEMEI, Remi, ΡΗΜΟΙ popoli ferocissimi, et primi saettatori di tutta la Gallia Belgica, de quali

1018 2157 2452 75 havemo detto piu oltre nella dittione, RHOEMI, per cio che variamente si scrivono dall'antichi

1026 2263 2506 69 greci, et ΡΗΜΟΙ. et, ΡΟΙΜΟΙ, et i latini Rhemei, de quali parla Caesare ne comentari nella Vitto¬

1028 2359 2472 73 ria che egli hebbe. contra à Rhemi et Mediomatrici et Lenci al Gergognia: et d'essi scrive Plinio, nel 4. al capo

1028 2462 2464 87 RHEMIRIANVM. Fù antico o pago et Villa di Caio Rhemio senatore Romano, posto nel paese di Mi

1040 2544 2432 95 seno nelli campani popoli, ornato di edificij et di Vivari di pesci, et di belle statue, con portichi

1050 2655 414 69 varij degnissimi.

1004 2745 2476 81 RHENUS, Rheni, et, ΡΗΝΟΣ, è fiume chiarissimo della Germania corrente perli confini della Gallia

1032 2841 2412 75 uscendo di sotto alli lughi dell'Alpi Raetie, et circa al fine de Batavi, si divide intre Rami, et

1040 2927 2444 89 andando oltre tutti si mettono inparte nel fiume Mosa, in parte, nell'oceano il restante. i qua

1036 3027 2452 103 li tre Rami ò corni come li chiama il Glariano sono appellati da Germani, Lecca, Vualis et

1044 3117 2428 103 Isella. et l'uno de essi per una Fossa fatta dal Rheno al Mare corre, che fu opera di Claudio

1040 3228 2456 86 Druso fatta combattendo contra Germani. et per che questo terzo Ramo fu fatto doppo la mor

1052 3375 63 37 te

1066 3320 274 40 d'esso Druso on

1115 3317 2373 95 de Virgilio, esso fiume chiama il Rheno Bicorne, cio è con due ostie ò vogliamo dire Foci. et del

1048 3393 2420 119 medesimo fiume in neutro genere fece menzione Horatio nel trattato dell'arte poetica. Cosi

1064 3492 2462 116 dicendo: AVT FLVMEN RHENVM, AVT, PLVVIVS DESCRIBITVR ARCVS. Rheno anchora

1088 3578 2370 123 è fiume d'Italia, che passa per Bononia nobilissinia citta della Gallia Togata, et mette nel Fiume

1068 3669 2454 121 pado incontro alla citta di Ferara, et è fiume piacevole et navigabile. Di cui parla Plinio, dicendo

982 3771 2552 103 chel'Rheno fiume di Bononiensi produce ottimi calami, et ne scrive inpiu luoghi della sua opera, come

1036 3851 2526 115 ancho del Rheno di Germania, et narra dell'isola, et de suoi habitatori: et esso fiume è chiarissimo dell'

1034 3937 2496 117 Acque, et questo di Italia porta molto limo nel Pado dove egli si perde: et il Rheno di Germania mette pertre

1030 4031 2546 104 foci nell'oceano. La prima ostia viene detta da Plinio Vabalis Helium che situata alla parte chel Rheno si volge

1036 4107 2516 104 all'austro. La seconda Foce, ò ostia s'appella Lecca: nella parte di mezzo. La terza ostia s'appella. Fla¬

1048 4181 1788 100 vio, come dice Pomponio Mela; et anchor plinio, Flavium: ma il vulgo Ifftij.

1000 4249 2600 122 RHENI, et Rheniorum, sono detti gli habitatori Germani sul' sudetto Rheno Fiume. diconsi Rhenani, Rhena

1034 4325 2492 122 nus, Rhenana, et Rhenanum, et Cisrhenano, et Transrhenano, come usa Cesare ne suoi Commentarij.

972 4401 2574 123 RHESALA, è la medesimo ch'è Refala che si scrive anchora conla spiratione della H. ch'è citta dell'Umbrori.

988 4490 2568 99 RHESINA, è citta circa all'Aboron fiume, da cui si dice Rhesinate, et Rhesinates come piace à Stephano, et

1048 4570 2106 95 dilei è detto piu di sopra, nella Resina parola senza spiratione: la quale è dell'isola Aegina.

968 4659 2604 79 RHESPERIA, è Isola al Mare Ionio allongo alla navigatione d'Epheso, come vuole plinio nel quinto libro al capo

1048 4749 254 65 dell'isole.
