3800 5255
2006 209 392 66 DI ROMA

1036 327 2328 130 Cavandosi nel Bagno Daphnide, nella quarta Regione dela citta intitulata Templum pacis, nel lato

1096 415 2284 158 chel Foro palladio Transitorio ò di Nerva, verso mezzo giorno, furono trovate molte reliquie

1102 529 2300 154 di ornamenti antichi, fra li quali viera un bellissimo Torso di un Giovanetto di molta dilicatura,

1104 623 2312 170 preso da un'Aquila, lo quale secondo le parole ch'erano scritte nella sua base come è qui sotto

1096 737 2294 166 posto fu il Ganimede opera di Leocharo Atheniese scultore eccellentissimo. Ora perche Gani,

1102 845 2332 150 mede sia stato sculpito come fusse stato rapito da Iove in forma di Aquila trasformato, ci dimostra

1106 939 2280 154 cio, come cosa poetica ritrovato per farlo immortale. Costui dicono Fu figliuolo di Troilo, et

1094 1039 2298 146 Giovanetto fortissimo. et di singular bellezza, lo quale mentre andava cacciando conli cani sul

1078 1141 2314 152 Monte Ida dela phrigia fu rapito da Iove informa d'Aquila, et fattolo incielo suo coppiere

1094 1241 2300 168 et ministro del bere: et questo è secondo i poeti come particolarmente il dice Ovidio nelle trasmu¬

1080 1333 2338 162 tationi. et gli Astrologi lo poneno trale sydera et lo chiamano Aquario, uno deli segni del celeste

1086 1427 2316 168 Zodiaco, come dice Hygino, di cui anchora favola Virgilio nel primo dell'Aeneide: et per que

1082 1527 2302 162 sto ratto Iunone hebbe inodio i Troiani et favoriva i Greci nell'assedio d'Ilio. Ma nel vero tutto

1092 1641 2328 128 questo è Favola: percio che la verita come scrive Herodiano è che Ganimede combattendo con

1108 1735 2282 126 tra Hylo anchor'esso giovanetto per causa di confini, tenendo Ganymede la parte dell'lliesi, et Hy

1094 1837 2284 112 lo quella deli phrygijdli Lydia; fu ucciso Ganymede nelluogo chiamato Pesinonte, dal cadere

1102 1935 2310 124 morti quivi molti. Cosi sendo quivi sepolto: per consolare i parenti fu detto essere stato fura¬

1100 2035 2296 114 to da Iove nella caccia: et questa è la causa che fu sculpito afferrato dall'Aquila, ucello

1126 2139 1080 76 per significato dell'anima assunta in cielo.

1190 2547 872 80 ΓΑΝΥ ΜΗΔΗϹ

1174 2711 868 70 ΛΕωΧΑΡΟΥϹ

1204 2903 778 72 ΑΘΗΝΑΙΟΥ

1332 3539 184 78 Pal: 3 ¾

2079 3290 53 219 Pal: 6÷

2193 3129 1423 64 Al fonte di Trievi in casa di Monsignore Agnelo Colotio si trova raccolta

2264 3209 1332 72 questa sottoscritta memoria: ove è sculpito il simulachro di un

2256 3291 1324 70 giovane, che la le mani et ele punte depiedi troncati, il che non è per

2256 3365 1360 70 difetto di rottura del marmo, ma fatti apposta cosi sulletto giacente

2266 3429 1350 68 con quel Ramo d'Hellera pianta di Baccho. et nella sua inscrittione

2236 3497 1348 76 non se fa menzione alcuna del storpio: Ma si bene dice che vi è se

2256 3579 1348 71 polto Petro Corvo, il quale fù gratiosissimo, bono ami, bone sententie

2264 3665 1356 61 simplice, et perla dotta causa il fratello le dedica l'Urna ò memo¬

2256 3747 116 55 ria.

2459 4213 704 36 ΓΕΜΙΝΑΝ•ΕΚΑΛΕϹΑΝ

2294 4267 1104 39 ΕϹΧΕΙΔΕ•ΚΑΙ•ΑΛ•ΟΝΜΑ•ΧΑΡΙΕϹΤΑΤΟΝ•ΟΝΠΟΘ

2292 4317 1132 45 ΕΤΑΙΡΟΙ•ΠΕΤΡΟΚΟΡΑΚΑ•ΝΕΚΗ•ΖΟΝΟΝ•ΤΑΧΥΒΡ¬

2300 4370 1112 44 ΟΤΟΝ•ΟϹΤΙϹ•ΤΟΙΑΝ ΕΚΤΗϹΑΤΟΓΝωΜΗΝ•ΗϹΚΙΤΗ

2304 4419 1086 47 ΝΑΠΛΟΤΗΤΑ•ΦΙΛΟΥϹ•ΥΠΕΡΑΤΟΝ•ΕΤΙΜΑ•ΔΙΑΤΟΥΤΟ

2292 4461 1154 51 ΜΝΗΜΗϹ ΕΝΕΚΕΝ•ΧΑΡΙΤΟϹ•ΔΕ•ΑΠΑϹΗϹ•ΟΙϹ•ΟΙ•ΑΔΕΛΦΟΙ

2300 4514 978 53 ΕΘΗΚΑΝ•ΓΝωϹΤΟΝ•ΠΟΛΛΟΙϹΟΙ•ΒΡΟ•ΤΟΙ•ϹΙ ΙΝΑ

2332 4566 1100 58 ϹΕ•ΠΑϹ•ΠΑΡΑ•ΤωΝ ΟΝΟΜΑΖΗ•ΑΓΑΘΕ•ΠΕΓΡΟΚΟΡΑΣ

2620 4631 396 43 ΕΖΗ ΕΤΗ ΧΧΧ•

2686 4899 300 70 incasa del Colotio.
