3800 5255
900 423 2300 87 RIPA ALTA, è città nella Britannia Isola secondo Ptolemaeo. da cui Ripa alto dunensi, et Ripalteduni.

884 811 2396 89 RIPARA, FIDERATA, ò vero Ripara Foederatorum, è citta della Baetica, come vuole Plinio nellibro terzo.

908 1173 2570 85 RISADIRA, et Risadir, è nome del Porto nella Mauretania sulla Marina dell'oceano, nominato da Plinio, del quale, è

934 1283 822 63 detto più oltre, inla parola Risadir.

914 1541 2576 81 RICCIA, l'Ariccia, Rizza, sono voci volgari, prese . perlo antico nome dell'Aricia città antichissima, nella Via Appia, asedici

944 1619 2058 87 miglia discosto da Roma, da cui sono celebrati i porri Aricini. et la Diana Aricina, et Hippolyto Virbio.

924 1707 2558 109 RIEDLINGA, è città dell'Alemagna inla Svevia, che gliantichi chiamavano Taroduno, ò Tarodunum, et, ΤΑΡΩΔΟΥΝΟΝ.

908 2185 2596 93 RIETE, Rieti, è citta della Sabinia, ò Savina Regione d'Italia quarantamiglia discosto da Roma, laquale gli antichi chi

968 2287 1464 73 marono Reate; et Reatini i populi, et nell'uso moderno Rietini.

898 2371 2642 87 RIMINO, RIMINI, è città della Gallia Togata presso all'Adriatico golfo, dicevasi dall'antichi Arimino, ò Ariminum, ΑΡΙΜΙΝΟΝ

962 2483 816 57 come è detto al leggitimo suo luogo.

944 2553 2604 83 RICCHEZZA, ò vero Opulentia come l'antichi chiamavano, si dipigneva naturalmente et poeticamente

972 2653 2574 65 simile alla Matre Terra, fiera et benigna Matre. perche perle sue cose è benigna che reca per agiuto.

970 2739 2560 65 et ognicosa inse gli ritorna et per morte le muta et asse le volgie. Cosi dunque invita agiuta et da

970 2819 2568 79 le sostanze in morte. Le cambia, et devora: Per questo dunque ella è una gran' Donna, di vestimenti or

974 2895 2576 93 nata come, è ornato un'verde et fiorito prato, con la Testa coronata di Torrioni; per simbulo della Ter

966 2979 2560 91 ra habitata, et incima de suoi Merli sono stelle che mostrano il celeste agiuto: da una mano tiene il corno

962 3065 2576 73 pieno delle ricchiezze delle frugie, et de metalli et della gemme preciosi, che produce. et Tiene dall'altra

968 3145 2554 67 mano l'Aratro. Come la sculpirono nella Medaglia del grande Augusto. et appiedi ha lo suo simbulo del

946 3231 2594 59 animale, cio è della Myrmeca Aethiopica et Indiana, che altramente si dice formica: Per che figura la fa

954 3307 2572 75 tica humana che coll Arare et cultivare cerca di cogliere il frutto, et i grani d'oro. perciò che come dicono

950 3383 2572 79 Solino Poly histore, et Luciano, et Plinio. Le formiche Indiane et Aethiopiche verso lo paese orientale Aethiopico

980 3457 2560 79 voltato all'India vi nascono grandi di forma canina, che cavano fuori della Terra i grani dell'oro et l'aurea

952 3539 2618 83 arena. A' questa opulentia ò ricchezze Pausania gli da come padrona il fanciullo Zoppo et cieco chiamato plu¬

964 3628 2572 76 to conla Mascara d'oro, in mano et gli giace inseno ò allato. Onde Aristophane figne questo Iddio della ricchez¬

968 3696 2564 72 ze cieco et di debele complessione, per che la ricchezza fatta accaso è cieca et non dura, ne è secondo i meriti . Et Lu¬

980 3778 2576 52 ciano la figne una Donna Zoppa conle ali et la Maschera d'oro, che mostra all'Avaro Zappatore il Thesoro sepulto sot¬

980 3828 1064 50 terra. Come lo mostro à Tigone Meisanthropo.

992 3851 2556 82 RICIA, è nome di Fameglia Romana, cosi scritta senza la .I. primieramente doppo la erre,

1032 3921 2460 99 di cui havemo veduto menzione in duoi epitaphij: l'uno come è posto nel capo della Fameglia

1014 4017 2524 93 Marcia. L'altro è questo dellhuomini della Tribù Crustamina. Trovato nella Via Numentana cinta

1010 4128 476 60 al casale di pacci.

1553 4148 456 59 DIS•MANIBVS

1458 4221 642 44 L•RICIVS•L•F•CRVS•AVIENVS

1464 4269 658 50 EQV•PVBL•ET•M•RICIVS•L•F

1454 4323 652 47 CRVS•SABINVS•FECERVNT

1472 4385 648 33 NOMINE•RICIAE AVIENAE

1636 4430 310 36 ARBITRATV

1476 4469 642 45 ET•SIBI•ET•SVIS•LIBERIS

1598 4523 414 36 MONVMENTVM•

1822 4572 164 34 H•AGRO

1466 4598 654 46 TERMINI•VERVNT•LAT•P•XV

1616 4650 476 56 LONG•PED•XXIV•
