3800 5255
3013 154 107 50 6

3169 219 81 52 3

430 238 1840 65 RACALINI, sono populi della Sarmatia in Europa, come narra Ptolemaeo.

436 310 1946 65 RACATE, ΡΑΚΑΤΗ, sono campi nella Magna Germania nominati da Ptolemaeo.

212 391 2674 88 RACELO, RACELUS, ò pure ΡΑΚΗΛΟΣ, è città di Macedonia, la quale fu presa per forza da Levino consolo

498 483 2364 58 Romano. da qui si dice Racelius, et Racelio, alla greca ΡΑΚΗΛΙΟΣ. et nella medaglia di Anto

490 583 2396 44 nino pio nel numero del più si trova ΡΑΚΗΛΙΑΝΩΝ, fanne menzione di essa città Stephano.

500 627 1446 48 alcuni la scrivono Rhacelo per la spiratione come è detto più oltre.

438 685 2454 75 RACILIANO, et Racilianvm, fù Villa et agere, di Marco Racilio, nel paese Gabino, ove fu lo suo Monu¬

466 753 2378 82 mento, rente la Via praenestina Gabina, due miglia discosto à Zagarolo Castello dove fù l'antica

478 833 2384 72 Gabio. Della cui fameglia fu Racilio Tribuno della plebe della Clodiana fattione, del quale fa

492 905 824 54 menzione nell'Epistole Cicerone.

246 991 2612 80 RACOTE, RACOTES, i greci ΡΑΚΩΤΗΣ, è nome di Vico d'Alexandria, posto sul Ramo del Nilo chiamato

502 1077 2388 84 del medesimo nome. et d'indi si dice ΡΑΚΩΤΙΤΗΣ. Onde noi dicemo Racotite, alcuni la scrivo

504 1165 2390 76 no colla spiratione Rhacotes. Altri vogliono che Alexandria città fusse gia appellata Racotes, ò Rhaco¬

528 1255 514 64 tes con la spiratione.

448 1451 2458 102 RACII, sono populi della Pamphylia, altramente scritti Rhacij, con la spiratione detti da Rhacia figliuola

480 1537 1894 92 di Mantua pamphylica da cui fu detta la pamphylia Racia, et poscia pamplylia.
