3800 5255
886 561 1564 637 delle Cisterne inquesto senso:
866 457 1852 551 ostie del pado fiume detta Messanico padusa et
1835 449 1891 499 al
1852 487 3456 599 Spinetico. Viene anchora nominata Ravenna da Martiale nell'acqua
1564 579 3026 673 SIT CISTERNA MIHI, QVAM VINEA, MALO RAVENNAE,
1638 663 2964 757 CVM POSSIM MVLTO VENDERE PLVRIS AQVAM;
1582 758 3082 860 CALLIDVS IMPOSVIT NVPER MIHI CAVPO RAVENNAE.
1682 850 2998 938 CVM PATEREM MIXTVM VENDIT ILLE MERVM•
930 2747 1540 2813 ò dubia à chi non sa le cose:
876 927 1029 997 Sinqui
1029 933 3434 1049 tuttigli sopradetti oppenioni d'Historici: potemo agilmente credere non havendo sopra d'essi nulloicontrario.
894 1024 3430 1134 Ma volendo ricercare per sottile tutta la sua antichità per più antico origine, non è dubio che si trova come
902 1112 3428 1214 ha dato materia à molti d'altri oppenioni: et sono stati alcuni, ch'essa sia fatta delle reliquie di Spina città
902 1219 3452 1311 colonia de pelasgi ch'era sul pado fiume nella parte del Messanico. Spinetico che fù edifico di Diomede secondo
886 1317 3452 1407 plinio delli Thesori di Delpho, il che Dionysio et Strabone confermano essere così stata Spina edificata: et anchora
898 1409 3452 1497 al tempo loro mancata: onde eglino non dicendo che di Spina fusse fatta Ravenna, non è da credere alli moderni
908 1503 3432 1579 che credono, che Spina facesse Ravenna. pure avegna come si vuole Ravenna confinava conlo contato
912 1595 3464 1689 di Spina perla contiguo paese. Donde s'ingannano, per cio che altro è Ravenna et altro è Spina, ambidue città
894 1703 3438 1785 antichissime, et nobilissime, in uno medesimo tratto di mare, l'una sul pado Spinetio Messanico primaro: l'alora
902 1800 3448 1883 più discosto assai confinanti di territorio et in uno litto, et per questo Martiale perla continuità del paese, ò litto
894 1890 3480 1967 Lo chiama di Spina Ravenna nell'Asparagi paesani, ove sono generosi: ma non per questa auttorita di Martia¬
888 1977 3430 2053 Le fà che Ravenna sia Spina, ansi siano sempre due città. Per cio che Spina fù sul Fiume Pado sudetto nel Ri
902 2073 3496 2157 vo cognominato Spinetico Messanico secondo Dionysio Halicarnasseo, et Ravenna situata in altri diversi fiu¬
902 2161 3500 2255 mi chiamati Anemone, Montone Viti et Sapi. ove circa et nella confluentia di questi intrapresa, sivede situa¬
894 2263 3472 2335 ta: et dal portare materia nel mare lo quale si scarca d'essa materia hanno discostata la città dall'onde salse et
912 2357 3460 2433 è adentro terra, ove pria era sul mare, et perlo incrimento dellitto giace adentroterra. Et non è da dubitare
896 2451 3446 2531 che'essa non sia nel medesimo sito ove era stata sempre quando il mare la bagnava. Ordunque sendo come è
920 2555 3438 2630 detto il spinetico paese congionto col Ravennate Martiale nel distico ventesimo primo del decimo terzo libro
908 2654 1430 2720 de suoi carmi laudando
1426 2610 1499 2662 gli
1430 2647 3442 2715 asparagi di Spina et di Ravenna sforzato dal verso dice questa sententia ambigua
1540 2745 2962 2811 MOLLIS IN AEQVOREA QVAE CREVIT SPINA, RAVENNA
1824 2828 2980 2909 NON ERIT INCVLTIS GRATIOR ASPARAGIS.
902 2928 3426 3003 per chè tutto aegualmente nel paese di Spina e di Ravenna nascono i sparagi di formosissima qualità. Altri
894 3022 3434 3105 con altri oppenioni dicono, Che Ravenna fusse detta Navenna, dalla navigatione delle sue acque sendo in
898 3111 3470 3200 paese molle, per che presso d'essa sono i quinque mari stagni defiumi che per diversi luoghi gli italici vi na¬
894 3193 3416 3276 vigavano. Per chè anchora sendo dove concorrono et rompono i fiumi col constrasto ancho del mare ne viene detta
886 3293 3432 3373 Ruenna. Altri per conto della sua antichità, vogliono che fusse stata pria edificata dalli discesi di Noè da suoi
886 3387 3476 3475 nepoti, dipoi da Thessali.⁓ Ma pria secondo dice Beroso fù colonia dedutta da Noè, quando molte città fece edi¬
892 3491 3474 3569 ficare,nella successione doppo il Diluvio universale. et nelle edificationi vi mando Gomer, Gallo, Comer, et Ia¬
894 3588 3434 3663 pheto suoi figliuoli, et mando questi nella parte d'Italia che fù detta Hetruria et dipoi Tuscia. Onde i Nepoti
870 3685 3438 3755 suoi nati di Iapheto, dipoi mando nell'Armenia, et d'indigli conduste in Italia, cosi è la oppenione di Beroso, et
894 3775 3500 3851 che facessero alcune città in Hetruria, et da essi nacque Ravenna. Altri dicono che, che furono da Noè manda¬
886 3873 3494 3947 ti, Crano et Crana, che in Italia sul Tibere fiume Regnarono nella Hetruria, et nell'Umbria, che occuparono,
886 3963 3442 4043 et vi habitarono su' gli carri perle acque, trovando quasi tutto'l paese undoso ò Umbroso et male culto:
890 4064 3488 4139 de pochi habitatori, dove in Hetruria la città Veio, che fù appellata cosi nella voce Armenica che suona Sagu
886 4159 3488 4239 ò Mantello per uno certo augurio. et fecero Agylla citta che poscia da Tyrrheni fù detta Caere. Et furono que¬
872 4253 3474 4337 sti appellati Curuli dalli Curri, ò carri che usavano. et dalli sacri misterij detti Hetrusci.⁓ et questi vogliono, che
872 4357 3500 4445 facessero Ravenna, onde ne fù detta Colonia Hetrusca. Altri a questo dicono che successe la edificatione de sabi¬
882 4451 3480 4527 ni, l'anno doppo il Dilluvio Cento quarantuno. Vogliono che intermine di dugento anni per varij accidenti et
880 4547 3500 4615 mesticanze de populi, furono detti Tusci,Sagi Vei, Armeni et Umbri, ò Umbroni come avanzati dalle acque,
