3800 5255
3011 104 3187 243 50.
3099 225 3257 392 53
1277 197 1724 308 DI ROMA
357 344 2819 524 Fu trovata nelle rovine, delle moderne case buttate atterra nella antica Via sacra quando Carlo Quinto impe¬
415 470 2795 606 ratore Triompho in Roma dela presa della Goletta et di Tunisi, questa dedicatione di Hercole, la qual'da
409 550 2796 688 moderni fu trasportata dal Tempio d'Hercole: et hora è ricolta nella casa di M. Mario Delphino, ella,
416 659 2822 804 nel vero: è bellissima perla eruditione, per cio che ci dimostra il rito di dedicare la cratera ciò è Tazza
421 736 2818 870 ad'Hercole, la quale soleva la gioventù presentarla nel duono de sacrificij, et in essa libavano: in memo
416 835 2834 989 ria della salute che reco Hercole, quando uccise Cacco ladrone, et tolse il crudele et aspro rito di sacrifiare
425 929 2821 1072 à Saturno humana carne de giovanetti, come sitrova nella Crhrestomatia di Dionysio, et come ci insegna
416 1068 2834 1176 Ovidio Hercole ordino invece di fanciulli i simulachri scirpei, che erano fatti di giunchi et di vimini
414 1126 2861 1242 intessuti, et li gittavano dall'Ara di Saturno nelli Gorghi del Tibere, poscia furono fatti di pasta, come
422 1238 2831 1326 sono le nostre ciambelle informa humana che vogliano dire scirpelle, come fenti simalachii, come
422 1333 2822 1430 dice Stephano Biblyothecario nell'epistole. Ora questo Caio Curtio Abascanto et Curtio Gaudente suo
1251 1417 2835 1522 figliuolo essendo immune per quattro anni dal corpo di custodi, de
1264 1512 2839 1618 dico ad'Hercole la cratera Argyrocorintha: ciò è di quel bronzo
1261 1597 2845 1760 che nell'incendio di Corintho fu terza spetie di metallo. Impero che
1262 1716 2824 1843 come scrive Plinio, Havendo Lucio Mummio Achaico consolo
1265 1799 2818 1935 arsa Corintho citta de metalli che si fusero insieme fecero tre
1258 1910 2839 2035 spetie di Bronzo corinthio. L'una fu di colore d'oro, l'altra di
1286 2015 2826 2127 colore di Ficato, il Terzo tirò all'argento, onde questo dedicato
1289 2102 2833 2260 re lo chiamò Argyrocorintham, Quella cratera, come fatta di
1269 2224 2822 2327 tale argentea spetie metallicail'appello dalla qualità. Fu fatta
1285 2276 2845 2417 la dedicatione, l'anno undecimo del principato di Tito Aelio An
1277 2393 2814 2497 tonino pio, l'anno doppo Roma fabricata novicento uno, nel'
1274 2442 2821 2584 primo anno dela olympiade dugento trentadue. L'anno doppo la
1298 2524 2852 2639 nativita del signor nostro cento cinquanta uno. Nel cui consola
1270 2612 2832 2734 to si vede che orfito si scrivea senza spiratione come à nome,
1291 2684 2828 2801 latino: al contrario di quelli che lometteno in numero degreci
1292 2785 2821 2926 et lo scrivono, ORPHITO, conla H, etvuole essere senza essa.⁓
322 2869 2852 2986 Fu antico Rito presso di Grecidedicare il cantharo vaso, ò pure il carchesio, ò schipho ad' Hercole, per cio
426 2987 2828 3122 che egli fusse testimonio del dono che riceve nella sua gioventu dala Madre Alcmena: la quale un
438 3086 2816 3219 tale vaso hebbe da Iove quando giacque conlei opera di oro et dimano di Volcano: et essa lo do
436 3168 2848 3348 no ad'Hercole et gli fu si caro che sempre selo porto seco: et gia non mailolascio: et per dimostrare
440 3268 2829 3466 la virtù di Hercole alla gioventù, chefu tale che da fanciullo fu buon comito et custode, esse pari
439 3385 2821 3545 mente perla virtù lo imitassero, ricordando, incio la sua forteza, con la quale purgo il mondo di
464 3489 2835 3657 tristi, come una beanda salutifera caccia via la corruttione delli humani corpi: tal che ci rappre
448 3597 2842 3773 senta tale Vaso uno liquore che deriva dala virtù et fortezza, che retifica l'animo, et vince li affet
441 3688 2823 3851 ti delle cose che guastano et perturbano i sensi: Perciò non senza proposito ne accaso si muoveano gli
437 3773 2800 3956 antichi à mostrarsi obligati alla Virtù Herculea che da fanciullo accrebbe à tanta altezza, che i
426 3898 2827 4041 poeti lhano inalzata sopra dele stelle: et li historici lhanno tanto degnamente dichiarato, che mentre seran
431 3998 2795 4164 no secoli sempre vivera nelle più eccellente cose: et li Philosophi sene hanno fatto scudo, et sopra di
417 4043 2787 4246 lui hanno philosophato et figurato l'ottimo philosopho; et hanno ridotto secondo la physica et la moralita,
437 4164 1745 4318 alle lodi del sole che purga et alimenta tutta la terra.⁓
504 1570 1135 1704 SANCTISSIMO•HERCVLI
668 1651 973 1753 INVICTO
504 1695 1130 1822 CORPOR•CVSTODIARIOR
501 1771 1164 1882 C•CVRTIVS•ABASCANVSCVM
509 1865 1156 1971 CIRTIO•GAVDENTE•FIL
680 1921 1075 2015 IMM•A•IĪĪĪ•
486 1960 1123 2084 CRATERAM•ARGYRO CORINTHAM
489 2059 1133 2153 CVM•BASI•SVA•ET•HYPOBASI
666 2122 1022 2210 MARMOREA
493 2163 1127 2289 SVA•PECVNIA•DONVM
636 2256 1024 2365 DEDERVNT
605 2320 1120 2451 DEDICAT•III•K•IVN
477 2432 1131 2574 SERG•SCIPIONE•ORFITO•Q•NONIO•PRISCO
1028 2521 1118 2583 COS
