3800 5255
3176 54 3296 216 56
3004 166 3128 318 32
1242 154 1556 233 DI ROMA.
448 264 2810 443 Cavandosi molti anni sono nella Regione Terza di Roma intitulata di Iside et Sarapide, nelluogo
508 376 2810 537 del Ludo Magno, posto allato dele Therme Traiane, ove è hora lhorto di Sanpietro in Vincolo. furono.
520 486 2818 639 trovate alcune inscrittioni, con lettere greche, parte dedicate, à Septimio Severo, et à Antonino suo
518 580 2806 747 figliuolo imperadori. et trale quali fu questa dela dedicatione di Demetrio dedicato da Hermodoro
494 686 2814 837 suo figliuolo, et fu portata nella casa di Ioan Curitio, et finalmente, impiamente è stata guasta, perla
522 796 2838 937 mente d'Asino secondo accusa il suo nome proprio, dico di Onophrio patavino, lo quale per che la ma
520 890 2802 1041 teria et suggetto dela cosa faceva un contrario nelle cose che havea scritto nell'antichità opero in
494 990 2824 1133 modo con un scultoretto che la guastasse, et cosi giace Roma privata di si bella memoria. Il suggetto
506 1094 2836 1237 dela cui dedicatione è cosi. Ad Demetrio Pontefice Hermopolitano Alexandrino Pancratiaste Re¬
530 1188 2804 1345 riodonica, cio è vincitore di tutti i giuochi del Xysto, lottatore sopra ogni opinione, et gloriosissimo
520 1286 2850 1443 di tutto il Xysto, principe di sacerdoti di tutto quanto il Xysto, à vita sua capo del Xysto et sopra de
526 1384 2850 1548 libagni di Augusto. Marco Aurelio Asclepiade, il qual fu detto Hermodoro cultore ò Edituo, è curatore
520 1482 2830 1638 del Gra Sarapide Alexandrino Hermo politano Pancratiaste Periodonica perpetuo, non amovibile
528 1592 2846 1726 come glialtri inrevocabile à vita, suo figliuolo capo di sacerdoti di tutto quanto il Xysto, è principe
528 1688 2842 1823 del Xysto et sopra de Bagni di Augusto. Siche questi duoi huomini sendo principi delle cose pancratie
520 1782 2856 1923 di giuochi dela lotta, haveano gli honori nel ludo Magno, posto presso i Bagni di Traiano Augusto. Ora
508 1882 2814 2025 havendo detto ò mostrato il luogo di tale memoria et dichiarato il suggetto d'essa, non serà altro che bene
520 1984 2822 2109 à mostrare piu chiaramente il significato, che vuole significare il giuoco Pancratio, ch'era un guiocho da
526 2086 2810 2203 lottare nella Palestra di forma incredibile, percio che niuno di questi ne Demetrio, ne Asclepiade, non furo
506 2184 2854 2297 no superati da niuno, neli cinque abbattimenti che si soleano fare nel Xysto. Dovemo dunque intendere sotto
516 2284 2814 2397 il nome Pancratiaste periodonica, uno sempre vincitore. Secondo Philostrato et Pausania et Gellio colui il
524 2392 2858 2495 quale era appellato Pancratiaste, anchor' che havesse potuto vincere con tutti gli inganni, come con morsi, Gambet
526 2486 2842 2593 te, et ciancarole et urti, et prese estravaganti, et false mosse, et con tutto cio si potesse pensare per vincere,
534 2590 2862 2693 vinceva conla pura forza et destrezza, onde tanto piu meritava, perlo valore tal nome, collui anco non si unge¬
524 2692 2842 2793 va, come glialtri, et che non era stato ne ancho mosso gia non mai, ne preso falsamente per qualsi voglia assalto.
814 3001 1796 3091 ΔΗΜΗΤΡΙΟΝ ΕΡΜΟΠΟΛΕΙΤΗΝ•
584 3100 1964 3188 ΑΛΕΣΑΝΔΡΕΑ ΠΑΝΚΡΑΤΙΑϹΤΙΗΝ ΠΕΡΙΟΔΟΝΕΙΚΗΝ
582 3192 1744 3278 ΠΑΛΑΙϹΤΗΝ•ΠΑΡΑΔΟΣΟΝ ΑΛ ΕΙΠΤΟΝ
588 3284 1860 3366 ΤΟΝΑΡΧΙΕΡΕΑΤΟΥ ϹΥΜΠΤΑΝΤΟϹ ΣΥϹΤΟΥ
584 3384 1884 3462 ΔΙΑΒΙΟΥ ΣΥϹΤΑΡΧΗΝ ΚΑΙ ΕΠΙΒΑΛΑΝΙωΝ
744 3482 1424 3552 ϹΕΒ•ΤΟΜΠΑΤΕΡΑ•
554 3595 1850 3643 Μ•ΑΥΡ•ΑϹΑΛΗΠΙΑΔΗϹ ΟΚΑΙ ΕΡΜΟΔωΡΟϹ
622 3662 1838 3712 ΝΕω ΚΟΡΟϹ ΤΟΥ ΜΕΓΑΛΟΥ ϹΑΡΑΠΙΔΟϹ
632 3725 1912 3784 ΑΛΕΣΑΝΔΡΕΥϹ ΕΡΜΟΠΟΛΕΙΤΗϹ ΠΑΝΚΡΑ
648 3788 1818 3848 ΤΙΑϹ ΤΗϹ ΠΕΡΙΟΔΟΝΕΙΚΗϹ ΑΛΕΙΠΤΟϹ
618 3850 1872 3905 ΑϹΥΝΕΣ ωϹΤΟϹ ΑΝΕΚΚΛΗΤΟϹ ΣΥϹΤΑΡ
688 3910 1688 3958 ΧΗϹ ΔΙΑΒΙΟΥ ΟΥ ΙΟϹ
556 3952 1832 4000 Ο ΑΡΧΙΕΡΕΥϹ ΤΟΥ ϹΥωΜΑΝΤΟϹ ΣΥϹΤΟΥ ΔΙΑΒΙΟΥ
552 3990 1872 4038 ΣΥϹΤΑΡΧΗϹ ΚΑΙ ΕΠΙΒΑΛΛΝΙωΝ ϹΕΒΑϹΤ•ΤΟΜΠΑΤΕΡΑ•
2088 3078 2748 3159 ΔΗΜΗΤΡΙΟϹ
2092 3274 2716 3347 ΑΡΧΙΕΡΕΥϹ
456 4192 2218 4275 et di tale forza furono i primi Hercole et Milone crotoniata sopra aglialtri.
