<?xml version="1.0" encoding="UTF-8" standalone="yes"?>
<PcGts xmlns="http://schema.primaresearch.org/PAGE/gts/pagecontent/2013-07-15" xmlns:xsi="http://www.w3.org/2001/XMLSchema-instance" xsi:schemaLocation="http://schema.primaresearch.org/PAGE/gts/pagecontent/2013-07-15 http://schema.primaresearch.org/PAGE/gts/pagecontent/2013-07-15/pagecontent.xsd">
    <Metadata>
        <Creator>prov=University of Rostock/Institute of Mathematics/CITlab|PLANET AI GmbH/Tobias Gruening/tobias.gruening@planet-ai.de:name=/net_tf/LA73_249_0mod360.pb:de.uros.citlab.segmentation.CITlab_LA_ML:v=2.6.7
prov=University of Rostock/Institute of Mathematics/CITlab|PLANET AI GmbH/Tobias Gruening/tobias.gruening@planet-ai.de:name=/net_tf/LA76_249_0mod90.pb:de.uros.citlab.segmentation.CITlab_LA_ML:v=2.6.7
Transkribus</Creator>
        <Created>2020-12-04T19:23:37.989+01:00</Created>
        <LastChange>2022-03-17T12:15:31.077+01:00</LastChange>
        <TranskribusMetadata docId="855487" pageId="31902913" pageNr="87" tsid="78704938" status="GT" userId="87579" imgUrl="https://files.transkribus.eu/Get?id=UTHGADDIMIRGEPQGMWPWTWNT&amp;fileType=view" xmlUrl="https://files.transkribus.eu/Get?id=HPJNAQVTZORTHLSXCFPKDJWO" imageId="17873955"/>
    </Metadata>
    <Page imageFilename="PirroLigorio_Ja_III_3_044a.jpg" imageWidth="3800" imageHeight="5255">
        <ReadingOrder>
            <OrderedGroup id="ro_1719337507093" caption="Regions reading order">
                <RegionRefIndexed index="0" regionRef="r1"/>
            </OrderedGroup>
        </ReadingOrder>
        <TextRegion orientation="0.0" id="r1" custom="readingOrder {index:0;}">
            <Coords points="845,351 869,4764 3457,4755 3448,347"/>
            <TextLine id="r1l1" custom="readingOrder {index:0;}">
                <Coords points="962,444 1084,446 1206,448 1328,450 1450,452 1572,454 1694,456 1816,460 1938,462 2060,464 2183,467 2305,469 2427,472 2549,473 2671,474 2793,476 2915,476 3037,476 3159,476 3281,476 3404,474 3404,426 3281,428 3159,428 3037,428 2915,428 2793,428 2671,426 2549,425 2427,424 2305,421 2183,419 2060,416 1938,414 1816,412 1694,408 1572,406 1450,404 1328,402 1206,400 1084,398 962,396"/>
                <Baseline points="962,428 1084,430 1206,432 1328,434 1450,436 1572,438 1694,440 1816,444 1938,446 2060,448 2183,451 2305,453 2427,456 2549,457 2671,458 2793,460 2915,460 3037,460 3159,460 3281,460 3414,475"/>
                <TextEquiv>
                    <Unicode>turba pastorale si allontano da fanciulli: era quivi non guari lontano una Grotta in un sasso forato ombroso¬</Unicode>
                </TextEquiv>
            </TextLine>
            <TextLine id="r1l2" custom="readingOrder {index:1;}">
                <Coords points="968,510 1090,514 1213,520 1335,524 1458,528 1581,532 1703,535 1826,538 1948,541 2071,544 2194,546 2316,548 2439,550 2561,552 2684,554 2807,556 2929,558 3052,560 3174,562 3297,564 3420,568 3420,520 3297,516 3174,514 3052,512 2929,510 2807,508 2684,506 2561,504 2439,502 2316,500 2194,498 2071,496 1948,493 1826,490 1703,487 1581,484 1458,480 1335,476 1213,472 1090,466 968,462"/>
                <Baseline points="966,496 1088,500 1211,506 1333,510 1456,514 1579,518 1701,521 1824,524 1946,527 2069,530 2192,532 2314,534 2437,536 2559,538 2682,540 2805,542 2927,544 3050,546 3172,548 3295,550 3419,572"/>
                <TextEquiv>
                    <Unicode>dove attorno era una sacra et folta selva venerata tra pastori: come stimato essere la Grotta di Pan, dove era</Unicode>
                </TextEquiv>
            </TextLine>
            <TextLine id="r1l3" custom="readingOrder {index:2;}">
                <Coords points="956,593 1078,599 1200,603 1322,607 1444,611 1567,615 1689,619 1811,623 1933,625 2055,629 2178,633 2300,635 2422,637 2544,641 2666,643 2789,645 2911,647 3033,649 3155,649 3277,651 3400,651 3400,594 3277,594 3155,592 3033,592 2911,590 2789,588 2666,586 2544,584 2422,580 2300,578 2178,576 2055,572 1933,568 1811,566 1689,562 1567,558 1444,554 1322,550 1200,546 1078,542 956,536"/>
                <Baseline points="956,574 1078,580 1200,584 1322,588 1444,592 1567,596 1689,600 1811,604 1933,606 2055,610 2178,614 2300,616 2422,618 2544,622 2666,624 2789,626 2911,628 3033,630 3155,630 3277,632 3398,644"/>
                <TextEquiv>
                    <Unicode>l'altare al medesimo iddio chiamato nella lingua paesana Inuo, et Lycio, et Pana, et quivi entrata la</Unicode>
                </TextEquiv>
            </TextLine>
            <TextLine id="r1l4" custom="readingOrder {index:3;} unclear {offset:65; length:2;}">
                <Coords points="972,677 1092,683 1213,687 1334,693 1455,697 1576,701 1696,703 1817,707 1938,709 2059,712 2180,715 2300,717 2421,719 2542,721 2663,723 2784,725 2904,727 3025,729 3146,731 3267,733 3388,737 3388,680 3267,676 3146,674 3025,672 2904,670 2784,668 2663,666 2542,664 2421,662 2300,660 2180,658 2059,655 1938,652 1817,650 1696,646 1576,644 1455,640 1334,636 1213,630 1092,626 972,620"/>
                <Baseline points="972,658 1092,664 1213,668 1334,674 1455,678 1576,682 1696,684 1817,688 1938,690 2059,693 2180,696 2300,698 2421,700 2542,702 2663,704 2784,706 2904,708 3025,710 3146,712 3267,714 3388,718"/>
                <TextEquiv>
                    <Unicode>lupa s'ascose, et d'indi usciva il Fonte consocrato alla Vergine et questo luogo era congionto col palati</Unicode>
                </TextEquiv>
            </TextLine>
            <TextLine id="r1l5" custom="readingOrder {index:4;}">
                <Coords points="974,764 1095,766 1217,770 1338,775 1460,779 1581,783 1703,788 1824,790 1946,794 2067,798 2189,802 2310,804 2432,808 2553,810 2675,812 2796,814 2918,814 3039,814 3161,814 3282,814 3404,812 3404,758 3282,760 3161,760 3039,760 2918,760 2796,760 2675,758 2553,756 2432,754 2310,750 2189,748 2067,744 1946,740 1824,736 1703,734 1581,729 1460,725 1338,721 1217,716 1095,712 974,710"/>
                <Baseline points="974,751 1095,753 1217,757 1338,762 1460,766 1581,770 1703,775 1824,777 1946,781 2067,785 2189,789 2310,791 2432,795 2553,797 2675,799 2796,801 2918,801 3039,801 3161,801 3282,801 3404,799"/>
                <TextEquiv>
                    <Unicode>no, et era nella Via che partendosi dal Foro Romano che conduceva al Circo Maximo conservata da</Unicode>
                </TextEquiv>
            </TextLine>
            <TextLine id="r1l6" custom="readingOrder {index:5;}">
                <Coords points="976,838 1097,846 1218,852 1340,858 1461,864 1583,870 1704,874 1825,878 1947,882 2068,886 2190,888 2311,892 2432,894 2554,896 2675,898 2797,900 2918,902 3039,904 3161,906 3282,906 3404,908 3404,854 3282,852 3161,852 3039,850 2918,848 2797,846 2675,844 2554,842 2432,840 2311,838 2190,834 2068,832 1947,828 1825,824 1704,820 1583,816 1461,810 1340,804 1218,798 1097,792 976,784"/>
                <Baseline points="976,820 1097,828 1218,834 1340,840 1461,846 1583,852 1704,856 1825,860 1947,864 2068,868 2190,870 2311,874 2432,876 2554,878 2675,880 2797,882 2918,884 3039,886 3161,888 3282,888 3404,890"/>
                <TextEquiv>
                    <Unicode>Romani, appunto alle radici del palatino sotto la Via che si chiamo nuova. ove fufatto un Tempio con</Unicode>
                </TextEquiv>
            </TextLine>
            <TextLine id="r1l7" custom="readingOrder {index:6;} unclear {offset:69; length:5;}">
                <Coords points="962,917 1084,924 1207,930 1330,935 1452,941 1575,947 1698,952 1820,957 1943,961 2066,966 2189,970 2311,973 2434,977 2557,981 2679,984 2802,987 2925,989 3047,992 3170,994 3293,995 3416,997 3416,945 3293,943 3170,942 3047,940 2925,937 2802,935 2679,932 2557,929 2434,925 2311,921 2189,918 2066,914 1943,909 1820,905 1698,900 1575,895 1452,889 1330,883 1207,878 1084,872 962,865"/>
                <Baseline points="962,900 1084,907 1207,913 1330,918 1452,924 1575,930 1698,935 1820,940 1943,944 2066,949 2189,953 2311,956 2433,966 2557,964 2679,967 2802,970 2925,972 3047,975 3170,977 3293,978 3416,980"/>
                <TextEquiv>
                    <Unicode>la lupa, che havea la memoria deli duoi fanciulli, i quali teniva al petto. Le quai imagini erano di Rame</Unicode>
                </TextEquiv>
            </TextLine>
            <TextLine id="r1l8" custom="readingOrder {index:7;}">
                <Coords points="974,987 1094,994 1214,1001 1334,1007 1455,1014 1575,1019 1695,1025 1816,1031 1936,1036 2056,1041 2177,1045 2297,1049 2417,1053 2537,1057 2658,1061 2778,1063 2898,1067 3019,1069 3139,1073 3259,1075 3380,1079 3380,1027 3259,1023 3139,1021 3019,1017 2898,1015 2778,1011 2658,1009 2537,1005 2417,1001 2297,997 2177,993 2056,989 1936,984 1816,979 1695,973 1575,967 1455,962 1334,955 1214,949 1094,942 974,935"/>
                <Baseline points="974,970 1094,977 1214,984 1334,990 1455,997 1575,1002 1695,1008 1816,1014 1936,1019 2056,1024 2177,1028 2297,1032 2417,1036 2537,1040 2658,1044 2778,1046 2898,1050 3019,1052 3139,1056 3259,1058 3380,1062"/>
                <TextEquiv>
                    <Unicode>et un simile essempio veggiamo hoggidì della medesimo materia in capitolio d'opera molto antica. Fù</Unicode>
                </TextEquiv>
            </TextLine>
            <TextLine id="r1l9" custom="readingOrder {index:8;}">
                <Coords points="962,1074 1083,1082 1204,1088 1325,1095 1446,1100 1567,1106 1688,1110 1809,1114 1930,1118 2051,1122 2173,1124 2294,1128 2415,1132 2536,1134 2657,1138 2778,1140 2899,1143 3020,1146 3141,1149 3262,1152 3384,1156 3384,1101 3262,1097 3141,1094 3020,1091 2899,1088 2778,1085 2657,1083 2536,1079 2415,1077 2294,1073 2173,1069 2051,1067 1930,1063 1809,1059 1688,1055 1567,1051 1446,1045 1325,1040 1204,1033 1083,1027 962,1019"/>
                <Baseline points="962,1056 1083,1064 1204,1070 1325,1077 1446,1082 1567,1088 1688,1092 1809,1096 1930,1100 2051,1104 2173,1106 2294,1110 2415,1114 2536,1116 2657,1120 2778,1122 2899,1125 3020,1128 3141,1131 3262,1134 3384,1138"/>
                <TextEquiv>
                    <Unicode>questo luogho gia consecrato dagli Arcadi, à Pan Lyceio, cio è da quelli che venirono quivi con Evandro.</Unicode>
                </TextEquiv>
            </TextLine>
            <TextLine id="r1l10" custom="readingOrder {index:9;}">
                <Coords points="966,1166 1087,1170 1208,1176 1330,1181 1451,1184 1573,1189 1694,1192 1815,1196 1937,1198 2058,1200 2180,1204 2301,1206 2422,1208 2544,1211 2665,1214 2787,1216 2908,1220 3029,1222 3151,1225 3272,1228 3394,1232 3394,1177 3272,1173 3151,1170 3029,1167 2908,1165 2787,1161 2665,1159 2544,1156 2422,1153 2301,1151 2180,1149 2058,1145 1937,1143 1815,1141 1694,1137 1573,1134 1451,1129 1330,1126 1208,1121 1087,1115 966,1111"/>
                <Baseline points="966,1148 1087,1152 1208,1158 1330,1163 1451,1166 1573,1171 1694,1174 1815,1178 1937,1180 2058,1182 2180,1186 2301,1188 2422,1190 2544,1193 2665,1196 2787,1198 2908,1202 3029,1204 3151,1207 3272,1210 3394,1214"/>
                <TextEquiv>
                    <Unicode>et cosi i Pastori veduto la lupa ricorrere al sacro luogho, presoro i bambini come figliuolo del grande</Unicode>
                </TextEquiv>
            </TextLine>
            <TextLine id="r1l11" custom="readingOrder {index:10;}">
                <Coords points="952,1247 1073,1255 1194,1261 1315,1266 1436,1271 1557,1275 1678,1279 1799,1281 1920,1285 2041,1287 2163,1289 2284,1291 2405,1293 2526,1295 2647,1299 2768,1301 2889,1303 3010,1305 3131,1309 3252,1313 3374,1317 3374,1260 3252,1256 3131,1252 3010,1248 2889,1246 2768,1244 2647,1242 2526,1238 2405,1236 2284,1234 2163,1232 2041,1230 1920,1228 1799,1224 1678,1222 1557,1218 1436,1214 1315,1209 1194,1204 1073,1198 952,1190"/>
                <Baseline points="952,1228 1073,1236 1194,1242 1315,1247 1436,1252 1557,1256 1678,1260 1799,1262 1920,1266 2041,1268 2163,1270 2284,1272 2405,1274 2526,1276 2647,1280 2768,1282 2889,1284 3010,1286 3131,1290 3252,1294 3374,1298"/>
                <TextEquiv>
                    <Unicode>iddio, et furono portati à Fostolo Pastore: capo et maestro de guardiani di porci. et costui come sapes</Unicode>
                </TextEquiv>
            </TextLine>
            <TextLine id="r1l12" custom="readingOrder {index:11;}">
                <Coords points="928,1339 1051,1345 1174,1349 1297,1352 1420,1356 1543,1359 1666,1361 1789,1365 1912,1367 2035,1369 2159,1371 2282,1373 2405,1375 2528,1377 2651,1379 2774,1381 2897,1381 3020,1383 3143,1385 3266,1387 3390,1389 3390,1332 3266,1330 3143,1328 3020,1326 2897,1324 2774,1324 2651,1322 2528,1320 2405,1318 2282,1316 2159,1314 2035,1312 1912,1310 1789,1308 1666,1304 1543,1302 1420,1299 1297,1295 1174,1292 1051,1288 928,1282"/>
                <Baseline points="928,1320 1051,1326 1174,1330 1297,1333 1420,1337 1543,1340 1666,1342 1789,1346 1912,1348 2035,1350 2159,1352 2282,1354 2405,1356 2528,1358 2651,1360 2774,1362 2897,1362 3020,1364 3143,1366 3266,1368 3390,1370"/>
                <TextEquiv>
                    <Unicode>se, la cosa, tenendogli occulti gli allevò, con commune consenso della moglie che era fresca di partoet</Unicode>
                </TextEquiv>
            </TextLine>
            <TextLine id="r1l13" custom="readingOrder {index:12;}">
                <Coords points="908,1413 1031,1421 1155,1429 1278,1435 1402,1439 1526,1444 1649,1448 1773,1451 1896,1453 2020,1455 2144,1457 2267,1459 2391,1461 2514,1463 2638,1463 2762,1465 2885,1467 3009,1469 3132,1473 3256,1476 3380,1479 3380,1422 3256,1419 3132,1416 3009,1412 2885,1410 2762,1408 2638,1406 2514,1406 2391,1404 2267,1402 2144,1400 2020,1398 1896,1396 1773,1394 1649,1391 1526,1387 1402,1382 1278,1378 1155,1372 1031,1364 908,1356"/>
                <Baseline points="908,1394 1031,1402 1155,1410 1278,1416 1402,1420 1526,1425 1649,1429 1773,1432 1896,1434 2020,1436 2144,1438 2267,1440 2391,1442 2514,1444 2638,1444 2762,1446 2885,1448 3009,1450 3132,1454 3256,1457 3380,1460"/>
                <TextEquiv>
                    <Unicode>glera morto il bambino, tal che inluogo di uno perduto ne acquisto duoi. Furono questi chiamati Romolo,</Unicode>
                </TextEquiv>
            </TextLine>
            <TextLine id="r1l14" custom="readingOrder {index:13;}">
                <Coords points="944,1489 1065,1499 1186,1505 1307,1511 1428,1518 1550,1523 1671,1528 1792,1533 1913,1537 2034,1540 2156,1543 2277,1546 2398,1549 2519,1551 2640,1553 2762,1555 2883,1558 3004,1561 3125,1563 3246,1565 3368,1567 3368,1510 3246,1508 3125,1506 3004,1504 2883,1501 2762,1498 2640,1496 2519,1494 2398,1492 2277,1489 2156,1486 2034,1483 1913,1480 1792,1476 1671,1471 1550,1466 1428,1461 1307,1454 1186,1448 1065,1442 944,1432"/>
                <Baseline points="944,1470 1065,1480 1186,1486 1307,1492 1428,1499 1550,1504 1671,1509 1792,1514 1913,1518 2034,1521 2156,1524 2277,1527 2398,1530 2519,1532 2640,1534 2762,1536 2883,1539 3004,1542 3125,1544 3246,1546 3368,1548"/>
                <TextEquiv>
                    <Unicode>et Remo: per che come furono grandi perla fortezza et eccellenza che havevano et perla bellezza dela Ro</Unicode>
                </TextEquiv>
            </TextLine>
            <TextLine id="r1l15" custom="readingOrder {index:14;}">
                <Coords points="964,1572 1084,1580 1205,1586 1326,1592 1447,1597 1568,1602 1688,1606 1809,1609 1930,1612 2051,1616 2172,1618 2292,1622 2413,1624 2534,1628 2655,1630 2776,1634 2896,1638 3017,1641 3138,1646 3259,1650 3380,1656 3380,1602 3259,1596 3138,1592 3017,1587 2896,1584 2776,1580 2655,1576 2534,1574 2413,1570 2292,1568 2172,1564 2051,1562 1930,1558 1809,1555 1688,1552 1568,1548 1447,1543 1326,1538 1205,1532 1084,1526 964,1518"/>
                <Baseline points="964,1554 1084,1562 1205,1568 1326,1574 1447,1579 1568,1584 1688,1588 1809,1591 1930,1594 2051,1598 2172,1600 2292,1604 2413,1606 2534,1610 2655,1612 2776,1616 2896,1620 3017,1623 3138,1628 3259,1632 3380,1638"/>
                <TextEquiv>
                    <Unicode>bustezza et gagliardia, furono cosi chiamati; oltre furono di gravita et di ingegno et di consiglio di altissi</Unicode>
                </TextEquiv>
            </TextLine>
            <TextLine id="r1l16" custom="readingOrder {index:15;}">
                <Coords points="960,1656 1081,1664 1202,1670 1323,1678 1444,1682 1565,1688 1686,1692 1807,1696 1928,1699 2049,1702 2170,1704 2291,1706 2412,1710 2533,1712 2654,1714 2775,1716 2896,1718 3017,1721 3138,1724 3259,1728 3380,1730 3380,1676 3259,1674 3138,1670 3017,1667 2896,1664 2775,1662 2654,1660 2533,1658 2412,1656 2291,1652 2170,1650 2049,1648 1928,1645 1807,1642 1686,1638 1565,1634 1444,1628 1323,1624 1202,1616 1081,1610 960,1602"/>
                <Baseline points="960,1638 1081,1646 1202,1652 1323,1660 1444,1664 1565,1670 1686,1674 1807,1678 1928,1681 2049,1684 2170,1686 2291,1688 2412,1692 2533,1694 2654,1696 2775,1698 2896,1700 3017,1703 3138,1706 3259,1710 3380,1712"/>
                <TextEquiv>
                    <Unicode>mo core, tanto, che superchiavano tutti quanti erano guardiani di porci et di Buoi et di pecore. Et sen</Unicode>
                </TextEquiv>
            </TextLine>
            <TextLine id="r1l17" custom="readingOrder {index:16;}">
                <Coords points="960,1732 1080,1740 1201,1748 1322,1754 1443,1759 1564,1764 1685,1768 1806,1772 1927,1774 2048,1778 2169,1780 2289,1782 2410,1785 2531,1788 2652,1790 2773,1793 2894,1796 3015,1800 3136,1804 3257,1810 3378,1814 3378,1759 3257,1755 3136,1749 3015,1745 2894,1741 2773,1738 2652,1735 2531,1733 2410,1730 2289,1727 2169,1725 2048,1723 1927,1719 1806,1717 1685,1713 1564,1709 1443,1704 1322,1699 1201,1693 1080,1685 960,1677"/>
                <Baseline points="960,1714 1080,1722 1201,1730 1322,1736 1443,1741 1564,1746 1685,1750 1806,1754 1927,1756 2048,1760 2169,1762 2289,1764 2410,1767 2531,1770 2652,1772 2773,1775 2894,1778 3015,1782 3136,1786 3257,1792 3378,1796"/>
                <TextEquiv>
                    <Unicode>do di buona eta vennero nelle mani dell'Avo, et cacciarono con uccisione Amulio precipitandolo dalla</Unicode>
                </TextEquiv>
            </TextLine>
            <TextLine id="r1l18" custom="readingOrder {index:17;}">
                <Coords points="972,1812 1092,1819 1213,1826 1334,1830 1455,1834 1576,1838 1697,1842 1818,1844 1939,1846 2060,1848 2181,1850 2301,1852 2422,1854 2543,1856 2664,1858 2785,1862 2906,1864 3027,1867 3148,1872 3269,1878 3390,1884 3390,1829 3269,1823 3148,1817 3027,1812 2906,1809 2785,1807 2664,1803 2543,1801 2422,1799 2301,1797 2181,1795 2060,1793 1939,1791 1818,1789 1697,1787 1576,1783 1455,1779 1334,1775 1213,1771 1092,1764 972,1757"/>
                <Baseline points="972,1794 1092,1801 1213,1808 1334,1812 1455,1816 1576,1820 1697,1824 1818,1826 1939,1828 2060,1830 2181,1832 2301,1834 2422,1836 2543,1838 2664,1840 2785,1844 2906,1846 3027,1849 3148,1854 3269,1860 3390,1866"/>
                <TextEquiv>
                    <Unicode>Rocca: et posto nella signoria Numitore, dove erano stati allevati fecero la colonia di Roma. La onde</Unicode>
                </TextEquiv>
            </TextLine>
            <TextLine id="r1l19" custom="readingOrder {index:18;} unclear {offset:62; length:10;}">
                <Coords points="950,1892 1072,1900 1194,1906 1316,1911 1438,1915 1560,1919 1682,1922 1804,1924 1926,1926 2048,1926 2170,1928 2292,1930 2414,1930 2536,1932 2658,1934 2780,1936 2902,1940 3024,1942 3146,1948 3268,1952 3390,1960 3390,1905 3268,1897 3146,1893 3024,1887 2902,1885 2780,1881 2658,1879 2536,1877 2414,1875 2292,1875 2170,1873 2048,1871 1926,1871 1804,1869 1682,1867 1560,1864 1438,1860 1316,1856 1194,1851 1072,1845 950,1837"/>
                <Baseline points="950,1874 1072,1882 1194,1888 1316,1893 1438,1897 1560,1901 1682,1904 1804,1906 1926,1908 2048,1908 2170,1910 2292,1912 2414,1912 2536,1914 2658,1916 2780,1918 2902,1922 3024,1924 3146,1930 3268,1934 3390,1942"/>
                <TextEquiv>
                    <Unicode>i Romani, come si fussero huomini nati di divino concetto, li reverivano come loro Heroi: et nell'Hym</Unicode>
                </TextEquiv>
            </TextLine>
            <TextLine id="r1l20" custom="readingOrder {index:19;}">
                <Coords points="958,1967 1079,1974 1201,1982 1323,1987 1444,1992 1566,1997 1688,1999 1809,2003 1931,2005 2053,2007 2175,2009 2296,2011 2418,2013 2540,2014 2661,2017 2783,2019 2905,2023 3026,2027 3148,2031 3270,2037 3392,2043 3392,1991 3270,1985 3148,1979 3026,1975 2905,1971 2783,1967 2661,1965 2540,1962 2418,1961 2296,1959 2175,1957 2053,1955 1931,1953 1809,1951 1688,1947 1566,1945 1444,1940 1323,1935 1201,1930 1079,1922 958,1915"/>
                <Baseline points="958,1950 1079,1957 1201,1965 1323,1970 1444,1975 1566,1980 1688,1982 1809,1986 1931,1988 2053,1990 2175,1992 2296,1994 2418,1996 2540,1997 2661,2000 2783,2002 2905,2006 3026,2010 3148,2014 3270,2020 3392,2026"/>
                <TextEquiv>
                    <Unicode>ni li cantavano: et era la loro vita Pastorale, et faticosa; et facendo nella loro gioventu capanne di</Unicode>
                </TextEquiv>
            </TextLine>
            <TextLine id="r1l21" custom="readingOrder {index:20;}">
                <Coords points="950,2037 1070,2046 1190,2055 1310,2062 1430,2069 1550,2075 1670,2079 1790,2083 1910,2085 2030,2089 2151,2091 2271,2093 2391,2095 2511,2098 2631,2101 2751,2103 2871,2106 2991,2109 3111,2113 3231,2117 3352,2123 3352,2071 3231,2065 3111,2061 2991,2057 2871,2054 2751,2051 2631,2049 2511,2046 2391,2043 2271,2041 2151,2039 2030,2037 1910,2033 1790,2031 1670,2027 1550,2023 1430,2017 1310,2010 1190,2003 1070,1994 950,1985"/>
                <Baseline points="950,2020 1070,2029 1190,2038 1310,2045 1430,2052 1550,2058 1670,2062 1790,2066 1910,2068 2030,2072 2151,2074 2271,2076 2391,2078 2511,2081 2631,2084 2751,2086 2871,2089 2991,2092 3111,2096 3231,2100 3352,2106"/>
                <TextEquiv>
                    <Unicode>canne nel colle palatino, et nel Saturnio Capitolino, come dicono Vitruvio et Dionysio Alicarnasseo.</Unicode>
                </TextEquiv>
            </TextLine>
            <TextLine id="r1l22" custom="readingOrder {index:21;}">
                <Coords points="962,2127 1083,2133 1204,2141 1325,2145 1446,2151 1568,2155 1689,2159 1810,2163 1931,2165 2052,2169 2174,2171 2295,2173 2416,2175 2537,2179 2658,2181 2780,2183 2901,2187 3022,2190 3143,2193 3264,2199 3386,2203 3386,2146 3264,2142 3143,2136 3022,2133 2901,2130 2780,2126 2658,2124 2537,2122 2416,2118 2295,2116 2174,2114 2052,2112 1931,2108 1810,2106 1689,2102 1568,2098 1446,2094 1325,2088 1204,2084 1083,2076 962,2070"/>
                <Baseline points="962,2108 1083,2114 1204,2122 1325,2126 1446,2132 1568,2136 1689,2140 1810,2144 1931,2146 2052,2150 2174,2152 2295,2154 2416,2156 2537,2160 2658,2162 2780,2164 2901,2168 3022,2171 3143,2174 3264,2180 3386,2184"/>
                <TextEquiv>
                    <Unicode>vi fecero poidi fabriche, et quelle capanne furono con somma reverenza conservate, et l'una di esse si tro</Unicode>
                </TextEquiv>
            </TextLine>
            <TextLine id="r1l23" custom="readingOrder {index:22;} unclear {offset:86; length:11;}">
                <Coords points="950,2206 1072,2213 1194,2218 1317,2224 1439,2228 1562,2232 1684,2236 1806,2239 1929,2242 2051,2246 2174,2248 2296,2251 2418,2254 2541,2257 2663,2260 2786,2264 2908,2267 3030,2272 3153,2276 3275,2282 3398,2288 3398,2234 3275,2228 3153,2222 3030,2218 2908,2213 2786,2210 2663,2206 2541,2203 2418,2200 2296,2197 2174,2194 2051,2192 1929,2188 1806,2185 1684,2182 1562,2178 1439,2174 1317,2170 1194,2164 1072,2159 950,2152"/>
                <Baseline points="950,2188 1072,2195 1194,2200 1317,2206 1439,2210 1562,2214 1684,2218 1806,2221 1929,2224 2051,2228 2174,2230 2296,2233 2418,2236 2541,2239 2663,2242 2786,2246 2908,2249 3030,2254 3153,2258 3275,2264 3398,2270"/>
                <TextEquiv>
                    <Unicode>vava conservata insino nell'imperio di Augusto, da sacerdoti mantenuta intera, sempre ristaurando¬</Unicode>
                </TextEquiv>
            </TextLine>
            <TextLine id="r1l24" custom="readingOrder {index:23;}">
                <Coords points="952,2280 1073,2290 1195,2298 1317,2305 1439,2312 1561,2318 1682,2322 1804,2326 1926,2330 2048,2334 2170,2338 2291,2342 2413,2344 2535,2348 2657,2352 2779,2356 2900,2360 3022,2364 3144,2370 3266,2376 3388,2384 3388,2330 3266,2322 3144,2316 3022,2310 2900,2306 2779,2302 2657,2298 2535,2294 2413,2290 2291,2288 2170,2284 2048,2280 1926,2276 1804,2272 1682,2268 1561,2264 1439,2258 1317,2251 1195,2244 1073,2236 952,2226"/>
                <Baseline points="952,2262 1073,2272 1195,2280 1317,2287 1439,2294 1561,2300 1682,2304 1804,2308 1926,2312 2048,2316 2170,2320 2291,2324 2413,2326 2535,2330 2657,2334 2779,2338 2900,2342 3022,2346 3144,2352 3266,2358 3388,2366"/>
                <TextEquiv>
                    <Unicode>la di que legni chele mancavano. La quale era nel cantone del colle Palatino, per andare al circo Mas¬</Unicode>
                </TextEquiv>
            </TextLine>
            <TextLine id="r1l25" custom="readingOrder {index:24;}">
                <Coords points="944,2366 1066,2376 1188,2384 1310,2391 1432,2396 1554,2401 1676,2404 1798,2408 1920,2410 2042,2412 2165,2415 2287,2418 2409,2420 2531,2424 2653,2427 2775,2430 2897,2437 3019,2443 3141,2450 3263,2458 3386,2470 3386,2415 3263,2403 3141,2395 3019,2388 2897,2382 2775,2375 2653,2372 2531,2369 2409,2365 2287,2363 2165,2360 2042,2357 1920,2355 1798,2353 1676,2349 1554,2346 1432,2341 1310,2336 1188,2329 1066,2321 944,2311"/>
                <Baseline points="944,2348 1066,2358 1188,2366 1310,2373 1432,2378 1554,2383 1676,2386 1798,2390 1920,2392 2042,2394 2165,2397 2287,2400 2409,2402 2531,2406 2653,2409 2775,2412 2897,2419 3019,2425 3141,2432 3263,2440 3386,2452"/>
                <TextEquiv>
                    <Unicode>simo è chiamata la casa di Romolo. Scrivono anchora che quando questi duoiNepoti vennero in mano</Unicode>
                </TextEquiv>
            </TextLine>
            <TextLine id="r1l26" custom="readingOrder {index:25;}">
                <Coords points="952,2453 1074,2461 1197,2468 1319,2473 1442,2478 1564,2482 1687,2486 1809,2490 1932,2493 2054,2497 2177,2499 2299,2503 2422,2507 2544,2511 2667,2515 2789,2519 2912,2525 3034,2531 3157,2539 3279,2546 3402,2555 3402,2498 3279,2489 3157,2482 3034,2474 2912,2468 2789,2462 2667,2458 2544,2454 2422,2450 2299,2446 2177,2442 2054,2440 1932,2436 1809,2433 1687,2429 1564,2425 1442,2421 1319,2416 1197,2411 1074,2404 952,2396"/>
                <Baseline points="952,2434 1074,2442 1197,2449 1319,2454 1442,2459 1564,2463 1687,2467 1809,2471 1932,2474 2054,2478 2177,2480 2299,2484 2422,2488 2544,2492 2667,2496 2789,2500 2912,2506 3034,2512 3157,2520 3279,2527 3402,2536"/>
                <TextEquiv>
                    <Unicode>di Numitore erano di deciotto anni. et fu per causa d'una lite condotti, come accusati di cose di furti,</Unicode>
                </TextEquiv>
            </TextLine>
            <TextLine id="r1l27" custom="readingOrder {index:26;}">
                <Coords points="958,2540 1079,2546 1200,2552 1322,2557 1443,2562 1565,2566 1686,2570 1807,2574 1929,2576 2050,2580 2172,2583 2293,2586 2414,2590 2536,2592 2657,2597 2779,2602 2900,2606 3021,2611 3143,2617 3264,2622 3386,2630 3386,2575 3264,2567 3143,2562 3021,2556 2900,2551 2779,2547 2657,2542 2536,2537 2414,2535 2293,2531 2172,2528 2050,2525 1929,2521 1807,2519 1686,2515 1565,2511 1443,2507 1322,2502 1200,2497 1079,2491 958,2485"/>
                <Baseline points="958,2522 1079,2528 1200,2534 1322,2539 1443,2544 1565,2548 1686,2552 1807,2556 1929,2558 2050,2562 2172,2565 2293,2568 2414,2572 2536,2574 2657,2579 2779,2584 2900,2588 3021,2593 3143,2599 3264,2604 3386,2612"/>
                <TextEquiv>
                    <Unicode>et di violenze usate à pastori conla loro fierezza. Et per che Numitore teniva Ragione di questo per</Unicode>
                </TextEquiv>
            </TextLine>
            <TextLine id="r1l28" custom="readingOrder {index:27;}">
                <Coords points="950,2636 1071,2639 1192,2642 1314,2645 1435,2648 1557,2650 1678,2652 1799,2652 1921,2654 2042,2656 2164,2659 2285,2662 2406,2664 2528,2668 2649,2672 2771,2676 2892,2682 3013,2688 3135,2696 3256,2704 3378,2714 3378,2660 3256,2650 3135,2642 3013,2634 2892,2628 2771,2622 2649,2618 2528,2614 2406,2610 2285,2608 2164,2605 2042,2602 1921,2600 1799,2598 1678,2598 1557,2596 1435,2594 1314,2591 1192,2588 1071,2585 950,2582"/>
                <Baseline points="950,2618 1071,2621 1192,2624 1314,2627 1435,2630 1557,2632 1678,2634 1799,2634 1921,2636 2042,2638 2164,2641 2285,2644 2406,2646 2528,2650 2649,2654 2771,2658 2892,2664 3013,2670 3135,2678 3256,2686 3378,2696"/>
                <TextEquiv>
                    <Unicode>Amulio in Tuscolo; et perle effigie et perlo sangue et perla eta li conobbe cosi volente il Fato. Et quivi</Unicode>
                </TextEquiv>
            </TextLine>
            <TextLine id="r1l29" custom="readingOrder {index:28;}">
                <Coords points="958,2716 1079,2722 1200,2726 1321,2730 1442,2733 1564,2736 1685,2737 1806,2738 1927,2740 2048,2741 2170,2742 2291,2744 2412,2746 2533,2748 2654,2750 2776,2754 2897,2759 3018,2764 3139,2770 3260,2779 3382,2788 3382,2734 3260,2725 3139,2716 3018,2710 2897,2705 2776,2700 2654,2696 2533,2694 2412,2692 2291,2690 2170,2688 2048,2687 1927,2686 1806,2684 1685,2683 1564,2682 1442,2679 1321,2676 1200,2672 1079,2668 958,2662"/>
                <Baseline points="958,2698 1079,2704 1200,2708 1321,2712 1442,2715 1564,2718 1685,2719 1806,2720 1927,2722 2048,2723 2170,2724 2291,2726 2412,2728 2533,2730 2654,2732 2776,2736 2897,2741 3018,2746 3139,2752 3260,2761 3382,2770"/>
                <TextEquiv>
                    <Unicode>in Tuscolo fu fatta la congiura contro Amulio, et venne fatta per che fusse edificata Roma. La quale conle</Unicode>
                </TextEquiv>
            </TextLine>
            <TextLine id="r1l30" custom="readingOrder {index:29;} unclear {offset:77; length:8;} unclear {offset:87; length:10;}">
                <Coords points="958,2810 1079,2814 1201,2817 1322,2820 1444,2822 1566,2822 1687,2824 1809,2824 1930,2824 2052,2826 2174,2826 2295,2826 2417,2828 2538,2830 2660,2831 2782,2834 2903,2838 3025,2841 3146,2847 3268,2854 3390,2862 3390,2807 3268,2799 3146,2792 3025,2786 2903,2783 2782,2779 2660,2776 2538,2775 2417,2773 2295,2771 2174,2771 2052,2771 1930,2769 1809,2769 1687,2769 1566,2767 1444,2767 1322,2765 1201,2762 1079,2759 958,2755"/>
                <Baseline points="958,2792 1079,2796 1201,2799 1322,2802 1444,2804 1566,2804 1687,2806 1809,2806 1930,2806 2052,2808 2174,2808 2295,2808 2417,2810 2538,2812 2660,2813 2782,2816 2903,2820 3025,2823 3146,2829 3268,2836 3390,2844"/>
                <TextEquiv>
                    <Unicode>emulationi pria di vicini, i Romani tirati à guerra, pria vinsero, i sabini, cenenesi, crushemini. po</Unicode>
                </TextEquiv>
            </TextLine>
            <TextLine id="r1l31" custom="readingOrder {index:30;}">
                <Coords points="952,2884 1073,2890 1195,2894 1317,2896 1439,2898 1561,2900 1682,2900 1804,2900 1926,2902 2048,2902 2170,2902 2291,2902 2413,2904 2535,2906 2657,2909 2779,2912 2900,2917 3022,2924 3144,2931 3266,2940 3388,2952 3388,2897 3266,2885 3144,2876 3022,2869 2900,2862 2779,2857 2657,2854 2535,2851 2413,2849 2291,2847 2170,2847 2048,2847 1926,2847 1804,2845 1682,2845 1561,2845 1439,2843 1317,2841 1195,2839 1073,2835 952,2829"/>
                <Baseline points="952,2866 1073,2872 1195,2876 1317,2878 1439,2880 1561,2882 1682,2882 1804,2882 1926,2884 2048,2884 2170,2884 2291,2884 2413,2886 2535,2888 2657,2891 2779,2894 2900,2899 3022,2906 3144,2913 3266,2922 3388,2934"/>
                <TextEquiv>
                    <Unicode>scia ilatini et li Toscani, dipoi i samniti et li campani et il resto d'Italia, et cosi Roma ampliandosi so</Unicode>
                </TextEquiv>
            </TextLine>
            <TextLine id="r1l32" custom="readingOrder {index:31;}">
                <Coords points="966,2965 1087,2969 1209,2975 1330,2979 1452,2981 1573,2984 1695,2987 1816,2989 1938,2990 2059,2991 2181,2993 2302,2995 2424,2997 2545,2999 2667,3001 2788,3004 2910,3008 3031,3012 3153,3017 3274,3023 3396,3029 3396,2972 3274,2966 3153,2960 3031,2955 2910,2951 2788,2947 2667,2944 2545,2942 2424,2940 2302,2938 2181,2936 2059,2934 1938,2933 1816,2932 1695,2930 1573,2927 1452,2924 1330,2922 1209,2918 1087,2912 966,2908"/>
                <Baseline points="966,2946 1087,2950 1209,2956 1330,2960 1452,2962 1573,2965 1695,2968 1816,2970 1938,2971 2059,2972 2181,2974 2302,2976 2424,2978 2545,2980 2667,2982 2788,2985 2910,2989 3031,2993 3153,2998 3274,3004 3396,3010"/>
                <TextEquiv>
                    <Unicode>pra ogni altra città facendosi padrona et famosa, et piena di fatti egregij, di huomini forti et virtuo¬</Unicode>
                </TextEquiv>
            </TextLine>
            <TextLine id="r1l33" custom="readingOrder {index:32;}">
                <Coords points="952,3039 1074,3047 1196,3053 1318,3059 1441,3065 1563,3069 1685,3075 1808,3079 1930,3083 2052,3087 2175,3090 2297,3093 2419,3096 2541,3099 2664,3101 2786,3103 2908,3105 3031,3108 3153,3109 3275,3111 3398,3113 3398,3056 3275,3054 3153,3052 3031,3051 2908,3048 2786,3046 2664,3044 2541,3042 2419,3039 2297,3036 2175,3033 2052,3030 1930,3026 1808,3022 1685,3018 1563,3012 1441,3008 1318,3002 1196,2996 1074,2990 952,2982"/>
                <Baseline points="952,3020 1074,3028 1196,3034 1318,3040 1441,3046 1563,3050 1685,3056 1808,3060 1930,3064 2052,3068 2175,3071 2297,3074 2419,3077 2541,3080 2664,3082 2786,3084 2908,3086 3031,3089 3153,3090 3275,3092 3398,3094"/>
                <TextEquiv>
                    <Unicode>si, et di grandezza et di signoria, et di suntuosissimi, et miracolosissimi edificij, piena d'ogni nobilta, et</Unicode>
                </TextEquiv>
            </TextLine>
            <TextLine id="r1l34" custom="readingOrder {index:33;}">
                <Coords points="950,3122 1072,3128 1195,3134 1318,3140 1441,3144 1564,3150 1687,3156 1810,3161 1933,3166 2056,3170 2179,3175 2301,3179 2424,3182 2547,3186 2670,3190 2793,3193 2916,3196 3039,3198 3162,3200 3285,3202 3408,3204 3408,3149 3285,3147 3162,3145 3039,3143 2916,3141 2793,3138 2670,3135 2547,3131 2424,3127 2301,3124 2179,3120 2056,3115 1933,3111 1810,3106 1687,3101 1564,3095 1441,3089 1318,3085 1195,3079 1072,3073 950,3067"/>
                <Baseline points="950,3104 1072,3110 1195,3116 1318,3122 1441,3126 1564,3132 1687,3138 1810,3143 1933,3148 2056,3152 2179,3157 2301,3161 2424,3164 2547,3168 2670,3172 2793,3175 2916,3178 3039,3180 3162,3182 3285,3184 3408,3186"/>
                <TextEquiv>
                    <Unicode>madre ditutti divenne universalmente, et di tutte le cose eccellenti dell'arti delle ricchezze, delle cose</Unicode>
                </TextEquiv>
            </TextLine>
            <TextLine id="r1l35" custom="readingOrder {index:34;}">
                <Coords points="968,3198 1088,3205 1208,3211 1328,3217 1448,3223 1568,3228 1688,3234 1808,3238 1928,3242 2048,3246 2168,3250 2288,3254 2408,3258 2528,3260 2648,3264 2768,3268 2888,3271 3008,3274 3128,3278 3248,3282 3368,3286 3368,3231 3248,3227 3128,3223 3008,3219 2888,3216 2768,3213 2648,3209 2528,3205 2408,3203 2288,3199 2168,3195 2048,3191 1928,3187 1808,3183 1688,3179 1568,3173 1448,3168 1328,3162 1208,3156 1088,3150 968,3143"/>
                <Baseline points="968,3180 1088,3187 1208,3193 1328,3199 1448,3205 1568,3210 1688,3216 1808,3220 1928,3224 2048,3228 2168,3232 2288,3236 2408,3240 2528,3242 2648,3246 2768,3250 2888,3253 3008,3256 3128,3260 3248,3264 3368,3268"/>
                <TextEquiv>
                    <Unicode>che apporta la natura, et da quelle del studio ritrovate. per che doppo la sua fundatione come è detto,</Unicode>
                </TextEquiv>
            </TextLine>
            <TextLine id="r1l36" custom="readingOrder {index:35;}">
                <Coords points="966,3286 1088,3292 1210,3298 1332,3302 1454,3308 1576,3312 1698,3316 1820,3319 1942,3322 2064,3326 2187,3328 2309,3332 2431,3334 2553,3336 2675,3338 2797,3342 2919,3344 3041,3347 3163,3350 3285,3353 3408,3358 3408,3304 3285,3299 3163,3296 3041,3293 2919,3290 2797,3288 2675,3284 2553,3282 2431,3280 2309,3278 2187,3274 2064,3272 1942,3268 1820,3265 1698,3262 1576,3258 1454,3254 1332,3248 1210,3244 1088,3238 966,3232"/>
                <Baseline points="966,3268 1088,3274 1210,3280 1332,3284 1454,3290 1576,3294 1698,3298 1820,3301 1942,3304 2064,3308 2187,3310 2309,3314 2431,3316 2553,3318 2675,3320 2797,3324 2919,3326 3041,3329 3163,3332 3285,3335 3408,3340"/>
                <TextEquiv>
                    <Unicode>mando fuora tali huomini, che si fecero signori del Mare et della Terra: et hebbe et harra delli piu religio</Unicode>
                </TextEquiv>
            </TextLine>
            <TextLine id="r1l37" custom="readingOrder {index:36;}">
                <Coords points="960,3358 1081,3366 1203,3375 1324,3381 1446,3386 1568,3391 1689,3396 1811,3400 1932,3402 2054,3406 2176,3408 2297,3410 2419,3412 2540,3414 2662,3416 2784,3418 2905,3421 3027,3424 3148,3427 3270,3430 3392,3434 3392,3380 3270,3376 3148,3373 3027,3370 2905,3367 2784,3364 2662,3362 2540,3360 2419,3358 2297,3356 2176,3354 2054,3352 1932,3348 1811,3346 1689,3342 1568,3337 1446,3332 1324,3327 1203,3321 1081,3312 960,3304"/>
                <Baseline points="960,3340 1081,3348 1203,3357 1324,3363 1446,3368 1568,3373 1689,3378 1811,3382 1932,3384 2054,3388 2176,3390 2297,3392 2419,3394 2540,3396 2662,3398 2784,3400 2905,3403 3027,3406 3148,3409 3270,3412 3392,3416"/>
                <TextEquiv>
                    <Unicode>si et piu giusti. et li piu valorosi inguerra: ne havendo alei per essi resistere nessuna natione ne gre</Unicode>
                </TextEquiv>
            </TextLine>
            <TextLine id="r1l38" custom="readingOrder {index:37;}">
                <Coords points="948,3434 1070,3443 1192,3453 1314,3460 1436,3467 1558,3472 1680,3478 1802,3482 1924,3486 2046,3490 2168,3492 2290,3496 2412,3499 2534,3502 2656,3504 2778,3508 2900,3510 3022,3514 3144,3518 3266,3522 3388,3526 3388,3471 3266,3467 3144,3463 3022,3459 2900,3455 2778,3453 2656,3449 2534,3447 2412,3444 2290,3441 2168,3437 2046,3435 1924,3431 1802,3427 1680,3423 1558,3417 1436,3412 1314,3405 1192,3398 1070,3388 948,3379"/>
                <Baseline points="948,3416 1070,3425 1192,3435 1314,3442 1436,3449 1558,3454 1680,3460 1802,3464 1924,3468 2046,3472 2168,3474 2290,3478 2412,3481 2534,3484 2656,3486 2778,3490 2900,3492 3022,3496 3144,3500 3266,3513 3388,3517"/>
                <TextEquiv>
                    <Unicode>ca ne barbara. per cio che accrebbe l'imperio, per l'Europa tutta, per l'Asia, et per l'Africa, dilatandosi</Unicode>
                </TextEquiv>
            </TextLine>
            <TextLine id="r1l39" custom="readingOrder {index:38;}">
                <Coords points="948,3528 1070,3532 1193,3536 1315,3541 1438,3546 1561,3550 1683,3554 1806,3558 1928,3562 2051,3566 2174,3570 2296,3574 2419,3578 2541,3582 2664,3586 2787,3590 2909,3595 3032,3599 3154,3604 3277,3609 3400,3614 3400,3559 3277,3554 3154,3549 3032,3544 2909,3540 2787,3535 2664,3531 2541,3527 2419,3523 2296,3519 2174,3515 2051,3511 1928,3507 1806,3503 1683,3499 1561,3495 1438,3491 1315,3486 1193,3481 1070,3477 948,3473"/>
                <Baseline points="948,3510 1070,3514 1193,3518 1315,3523 1438,3528 1561,3532 1683,3536 1806,3540 1928,3544 2051,3548 2174,3552 2296,3556 2419,3560 2541,3564 2664,3568 2787,3572 2909,3577 3032,3581 3154,3586 3277,3591 3401,3616"/>
                <TextEquiv>
                    <Unicode>sempre per settecento quarantacinque anni, cominciando da Romolo insino al consolato di Tiberio Clau¬</Unicode>
                </TextEquiv>
            </TextLine>
            <TextLine id="r1l40" custom="readingOrder {index:39;}">
                <Coords points="954,3627 1074,3629 1194,3631 1314,3633 1435,3635 1555,3638 1675,3641 1796,3644 1916,3647 2036,3651 2157,3654 2277,3657 2397,3661 2517,3665 2638,3667 2758,3671 2878,3674 2999,3677 3119,3679 3239,3681 3360,3683 3360,3626 3239,3624 3119,3622 2999,3620 2878,3617 2758,3614 2638,3610 2517,3608 2397,3604 2277,3600 2157,3597 2036,3594 1916,3590 1796,3587 1675,3584 1555,3581 1435,3578 1314,3576 1194,3574 1074,3572 954,3570"/>
                <Baseline points="954,3608 1074,3610 1194,3612 1314,3614 1435,3616 1555,3619 1675,3622 1796,3625 1916,3628 2036,3632 2157,3635 2277,3638 2397,3642 2517,3646 2638,3648 2758,3652 2878,3655 2999,3658 3119,3660 3239,3662 3360,3664"/>
                <TextEquiv>
                    <Unicode>dio Nerone, et di Calpurnio Pisone i quali nella olympiade cento novantatre furono creati consoli,</Unicode>
                </TextEquiv>
            </TextLine>
            <TextLine id="r1l41" custom="readingOrder {index:40;}">
                <Coords points="954,3723 1074,3721 1194,3721 1314,3722 1435,3723 1555,3725 1675,3728 1796,3731 1916,3735 2036,3738 2157,3743 2277,3747 2397,3752 2517,3757 2638,3761 2758,3766 2878,3771 2999,3775 3119,3781 3239,3784 3360,3787 3360,3730 3239,3727 3119,3724 2999,3718 2878,3714 2758,3709 2638,3704 2517,3700 2397,3695 2277,3690 2157,3686 2036,3681 1916,3678 1796,3674 1675,3671 1555,3668 1435,3666 1314,3665 1194,3664 1074,3664 954,3666"/>
                <Baseline points="954,3704 1074,3702 1194,3702 1314,3703 1435,3704 1555,3706 1675,3709 1796,3712 1916,3716 2036,3719 2157,3724 2277,3728 2397,3733 2517,3738 2638,3742 2758,3747 2878,3752 2999,3756 3119,3762 3239,3765 3360,3768"/>
                <TextEquiv>
                    <Unicode>Roma intalhora havea trecentomila cittadini da maneggiar armi, armati d'ogni valore. et per</Unicode>
                </TextEquiv>
            </TextLine>
            <TextLine id="r1l42" custom="readingOrder {index:41;} unclear {offset:64; length:3;}">
                <Coords points="958,3811 1079,3814 1200,3817 1321,3821 1442,3823 1563,3825 1684,3829 1805,3831 1926,3834 2047,3837 2169,3841 2290,3843 2411,3847 2532,3849 2653,3853 2774,3857 2895,3861 3016,3865 3137,3870 3258,3875 3380,3881 3380,3824 3258,3818 3137,3813 3016,3808 2895,3804 2774,3800 2653,3796 2532,3792 2411,3790 2290,3786 2169,3784 2047,3780 1926,3777 1805,3774 1684,3772 1563,3768 1442,3766 1321,3764 1200,3760 1079,3757 958,3754"/>
                <Baseline points="958,3792 1079,3795 1200,3798 1321,3802 1442,3804 1563,3806 1684,3810 1805,3812 1926,3815 2047,3818 2169,3822 2290,3824 2411,3828 2532,3830 2653,3834 2774,3838 2895,3842 3016,3846 3137,3851 3258,3856 3385,3882"/>
                <TextEquiv>
                    <Unicode>due mila et duecento anni sempre come dice Censorino, à giusa d'un'sole splendente stette nell'alzare</Unicode>
                </TextEquiv>
            </TextLine>
            <TextLine id="r1l43" custom="readingOrder {index:42;}">
                <Coords points="966,3891 1086,3896 1206,3899 1326,3903 1447,3907 1567,3911 1687,3915 1808,3919 1928,3921 2048,3925 2169,3928 2289,3931 2409,3935 2529,3937 2650,3941 2770,3943 2890,3947 3011,3949 3131,3953 3251,3957 3372,3959 3372,3902 3251,3900 3131,3896 3011,3892 2890,3890 2770,3886 2650,3884 2529,3880 2409,3878 2289,3874 2169,3871 2048,3868 1928,3864 1808,3862 1687,3858 1567,3854 1447,3850 1326,3846 1206,3842 1086,3839 966,3834"/>
                <Baseline points="966,3872 1086,3877 1206,3880 1326,3884 1447,3888 1567,3892 1687,3896 1808,3900 1928,3902 2048,3906 2169,3909 2289,3912 2409,3916 2529,3918 2650,3922 2770,3924 2890,3928 3011,3930 3131,3934 3251,3938 3372,3940"/>
                <TextEquiv>
                    <Unicode>et fermare il suo stato. si come gli promettevano l'annuntio delli duodici Avoltori che apparve</Unicode>
                </TextEquiv>
            </TextLine>
            <TextLine id="r1l44" custom="readingOrder {index:43;} unclear {offset:66; length:2;}">
                <Coords points="974,3967 1095,3976 1216,3983 1337,3989 1458,3995 1579,4000 1700,4005 1821,4009 1942,4013 2063,4015 2185,4019 2306,4022 2427,4025 2548,4027 2669,4031 2790,4033 2911,4037 3032,4040 3153,4043 3274,4047 3396,4051 3396,3994 3274,3990 3153,3986 3032,3983 2911,3980 2790,3976 2669,3974 2548,3970 2427,3968 2306,3965 2185,3962 2063,3958 1942,3956 1821,3952 1700,3948 1579,3943 1458,3938 1337,3932 1216,3926 1095,3919 974,3910"/>
                <Baseline points="974,3948 1095,3957 1216,3964 1337,3970 1458,3976 1579,3981 1700,3986 1821,3990 1942,3994 2063,3996 2185,4000 2306,4003 2427,4006 2548,4008 2669,4012 2790,4014 2911,4018 3032,4021 3153,4024 3274,4028 3396,4032"/>
                <TextEquiv>
                    <Unicode>ro à Romolo nell'edificare il nome della citta, la quale battezzo di nome occulto chiamandola Va</Unicode>
                </TextEquiv>
            </TextLine>
            <TextLine id="r1l45" custom="readingOrder {index:44;}">
                <Coords points="960,4059 1081,4068 1203,4077 1325,4084 1447,4090 1569,4096 1690,4101 1812,4105 1934,4107 2056,4111 2178,4113 2299,4115 2421,4117 2543,4119 2665,4121 2787,4125 2908,4128 3030,4132 3152,4137 3274,4143 3396,4149 3396,4092 3274,4086 3152,4080 3030,4075 2908,4071 2787,4068 2665,4064 2543,4062 2421,4060 2299,4058 2178,4056 2056,4054 1934,4050 1812,4048 1690,4044 1569,4039 1447,4033 1325,4027 1203,4020 1081,4011 960,4002"/>
                <Baseline points="960,4040 1081,4049 1203,4058 1325,4065 1447,4071 1569,4077 1690,4082 1812,4086 1934,4088 2056,4092 2178,4094 2299,4096 2421,4098 2543,4100 2665,4102 2787,4106 2908,4109 3030,4113 3152,4118 3274,4124 3396,4130"/>
                <TextEquiv>
                    <Unicode>lentia. et alla scoperta Roma, et questo basti del suo evento del suo edificatore. et peraccompagna</Unicode>
                </TextEquiv>
            </TextLine>
            <TextLine id="r1l46" custom="readingOrder {index:45;}">
                <Coords points="976,4139 1096,4152 1217,4162 1337,4173 1458,4180 1579,4188 1699,4194 1820,4199 1940,4203 2061,4207 2182,4210 2302,4213 2423,4215 2543,4218 2664,4220 2785,4223 2905,4227 3026,4231 3146,4235 3267,4239 3388,4247 3388,4190 3267,4182 3146,4178 3026,4174 2905,4170 2785,4166 2664,4163 2543,4161 2423,4158 2302,4156 2182,4153 2061,4150 1940,4146 1820,4142 1699,4137 1579,4131 1458,4123 1337,4116 1217,4105 1096,4095 976,4082"/>
                <Baseline points="976,4120 1096,4133 1217,4143 1337,4154 1458,4161 1579,4169 1699,4175 1820,4180 1940,4184 2061,4188 2182,4191 2302,4194 2423,4196 2543,4199 2664,4201 2785,4204 2905,4208 3026,4212 3146,4216 3267,4220 3388,4228"/>
                <TextEquiv>
                    <Unicode>mento havemo poste quiseguentemente alcune memorie che si trovano scritte nell'antichi mar¬</Unicode>
                </TextEquiv>
            </TextLine>
            <TextLine id="r1l47" custom="readingOrder {index:46;} unclear {offset:80; length:7;}">
                <Coords points="956,4235 1075,4246 1194,4255 1314,4264 1433,4269 1553,4277 1672,4282 1791,4287 1911,4291 2030,4296 2150,4299 2269,4303 2388,4307 2508,4312 2627,4315 2747,4321 2866,4325 2985,4331 3105,4337 3224,4344 3344,4353 3344,4296 3224,4287 3105,4280 2985,4274 2866,4268 2747,4264 2627,4258 2508,4255 2388,4250 2269,4246 2150,4242 2030,4239 1911,4234 1791,4230 1672,4225 1553,4220 1433,4212 1314,4207 1194,4198 1075,4189 956,4178"/>
                <Baseline points="956,4216 1075,4227 1194,4236 1314,4245 1433,4250 1553,4258 1672,4263 1791,4268 1911,4272 2030,4277 2150,4280 2269,4284 2388,4288 2508,4293 2627,4296 2747,4302 2866,4306 2985,4312 3105,4318 3224,4325 3344,4334"/>
                <TextEquiv>
                    <Unicode>mi: et il resto havemo trattato nella discrittione generale d'essa inquattordiciRegioni, dove sono di</Unicode>
                </TextEquiv>
            </TextLine>
            <TextLine id="r1l48" custom="readingOrder {index:47;}">
                <Coords points="960,4331 1081,4338 1202,4343 1323,4349 1444,4354 1565,4359 1686,4363 1807,4367 1928,4371 2049,4375 2171,4379 2292,4383 2413,4387 2534,4391 2655,4395 2776,4399 2897,4403 3018,4408 3139,4413 3260,4419 3382,4425 3382,4368 3260,4362 3139,4356 3018,4351 2897,4346 2776,4342 2655,4338 2534,4334 2413,4330 2292,4326 2171,4322 2049,4318 1928,4314 1807,4310 1686,4306 1565,4302 1444,4297 1323,4292 1202,4286 1081,4281 960,4274"/>
                <Baseline points="960,4312 1081,4319 1202,4324 1323,4330 1444,4335 1565,4340 1686,4344 1807,4348 1928,4352 2049,4356 2171,4360 2292,4364 2413,4368 2534,4372 2655,4376 2776,4380 2897,4384 3018,4389 3139,4394 3260,4400 3382,4406"/>
                <TextEquiv>
                    <Unicode>chiarate tuttelesue particolarita delli edificij. Dice Dionysio, che la città imperadrice dela Terra</Unicode>
                </TextEquiv>
            </TextLine>
            <TextLine id="r1l49" custom="readingOrder {index:48;} unclear {offset:63; length:8;}">
                <Coords points="976,4421 1095,4427 1214,4434 1333,4439 1453,4443 1572,4447 1691,4451 1811,4455 1930,4459 2049,4461 2169,4465 2288,4467 2407,4471 2526,4475 2646,4478 2765,4482 2884,4487 3004,4492 3123,4497 3242,4504 3362,4511 3362,4454 3242,4447 3123,4440 3004,4435 2884,4430 2765,4425 2646,4421 2526,4418 2407,4414 2288,4410 2169,4408 2049,4404 1930,4402 1811,4398 1691,4394 1572,4390 1453,4386 1333,4382 1214,4377 1095,4370 976,4364"/>
                <Baseline points="976,4402 1095,4408 1214,4415 1333,4420 1453,4424 1572,4428 1691,4432 1811,4436 1930,4440 2049,4442 2169,4446 2288,4448 2407,4452 2526,4456 2646,4459 2765,4463 2884,4468 3004,4473 3123,4478 3242,4485 3362,4492"/>
                <TextEquiv>
                    <Unicode>al tempo suo era di grandezze come Athene: Ma di poi molto piu accrebbe, et havea un popolo di marmo,</Unicode>
                </TextEquiv>
            </TextLine>
            <TextLine id="r1l50" custom="readingOrder {index:49;}">
                <Coords points="958,4513 1077,4517 1197,4521 1316,4525 1436,4529 1555,4533 1675,4537 1794,4540 1914,4544 2033,4548 2153,4553 2272,4556 2392,4560 2511,4563 2631,4567 2750,4572 2870,4575 2989,4579 3109,4584 3228,4588 3348,4593 3348,4536 3228,4531 3109,4527 2989,4522 2870,4518 2750,4515 2631,4510 2511,4506 2392,4503 2272,4499 2153,4496 2033,4491 1914,4487 1794,4483 1675,4480 1555,4476 1436,4472 1316,4468 1197,4464 1077,4460 958,4456"/>
                <Baseline points="958,4494 1077,4498 1197,4502 1316,4506 1436,4510 1555,4514 1675,4518 1794,4521 1914,4525 2033,4529 2153,4534 2272,4537 2392,4541 2511,4544 2631,4548 2750,4553 2870,4556 2989,4560 3109,4565 3228,4569 3348,4574"/>
                <TextEquiv>
                    <Unicode>et unaltro d'huomini, come fu altempo di plinio. Havea Trecento Mila huomini censiti nella militia.</Unicode>
                </TextEquiv>
            </TextLine>
            <TextLine id="r1l51" custom="readingOrder {index:50;}">
                <Coords points="976,4605 1094,4611 1212,4616 1330,4619 1448,4624 1567,4627 1685,4629 1803,4631 1921,4633 2039,4635 2158,4637 2276,4639 2394,4641 2512,4643 2630,4647 2749,4649 2867,4653 2985,4657 3103,4661 3221,4667 3340,4673 3340,4616 3221,4610 3103,4604 2985,4600 2867,4596 2749,4592 2630,4590 2512,4586 2394,4584 2276,4582 2158,4580 2039,4578 1921,4576 1803,4574 1685,4572 1567,4570 1448,4567 1330,4562 1212,4559 1094,4554 976,4548"/>
                <Baseline points="976,4586 1094,4592 1212,4597 1330,4600 1448,4605 1567,4608 1685,4610 1803,4612 1921,4614 2039,4616 2158,4618 2276,4620 2394,4622 2512,4624 2630,4628 2749,4630 2867,4634 2985,4638 3103,4642 3221,4648 3340,4654"/>
                <TextEquiv>
                    <Unicode>Et finalmente fu di circuito disegnata da Aureliano Imperatore di trenta miglia come scrive</Unicode>
                </TextEquiv>
            </TextLine>
            <TextLine id="r1l52" custom="readingOrder {index:51;}">
                <Coords points="940,4717 966,4718 992,4719 1018,4719 1044,4720 1070,4721 1096,4721 1122,4721 1148,4719 1175,4719 1201,4719 1227,4719 1253,4719 1279,4717 1305,4717 1331,4717 1357,4717 1384,4715 1384,4658 1357,4660 1331,4660 1305,4660 1279,4660 1253,4662 1227,4662 1201,4662 1175,4662 1148,4662 1122,4664 1096,4664 1070,4664 1044,4663 1018,4662 992,4662 966,4661 940,4660"/>
                <Baseline points="940,4698 966,4699 992,4700 1018,4700 1044,4701 1070,4702 1096,4702 1122,4702 1148,4700 1175,4700 1201,4700 1227,4700 1253,4700 1279,4698 1305,4698 1331,4698 1357,4698 1384,4696"/>
                <TextEquiv>
                    <Unicode>Flavio Vopisco.</Unicode>
                </TextEquiv>
            </TextLine>
            <TextEquiv>
                <Unicode>turba pastorale si allontano da fanciulli: era quivi non guari lontano una Grotta in un sasso forato ombroso¬
dove attorno era una sacra et folta selva venerata tra pastori: come stimato essere la Grotta di Pan, dove era
l'altare al medesimo iddio chiamato nella lingua paesana Inuo, et Lycio, et Pana, et quivi entrata la
lupa s'ascose, et d'indi usciva il Fonte consocrato alla Vergine et questo luogo era congionto col palati
no, et era nella Via che partendosi dal Foro Romano che conduceva al Circo Maximo conservata da
Romani, appunto alle radici del palatino sotto la Via che si chiamo nuova. ove fufatto un Tempio con
la lupa, che havea la memoria deli duoi fanciulli, i quali teniva al petto. Le quai imagini erano di Rame
et un simile essempio veggiamo hoggidì della medesimo materia in capitolio d'opera molto antica. Fù
questo luogho gia consecrato dagli Arcadi, à Pan Lyceio, cio è da quelli che venirono quivi con Evandro.
et cosi i Pastori veduto la lupa ricorrere al sacro luogho, presoro i bambini come figliuolo del grande
iddio, et furono portati à Fostolo Pastore: capo et maestro de guardiani di porci. et costui come sapes
se, la cosa, tenendogli occulti gli allevò, con commune consenso della moglie che era fresca di partoet
glera morto il bambino, tal che inluogo di uno perduto ne acquisto duoi. Furono questi chiamati Romolo,
et Remo: per che come furono grandi perla fortezza et eccellenza che havevano et perla bellezza dela Ro
bustezza et gagliardia, furono cosi chiamati; oltre furono di gravita et di ingegno et di consiglio di altissi
mo core, tanto, che superchiavano tutti quanti erano guardiani di porci et di Buoi et di pecore. Et sen
do di buona eta vennero nelle mani dell'Avo, et cacciarono con uccisione Amulio precipitandolo dalla
Rocca: et posto nella signoria Numitore, dove erano stati allevati fecero la colonia di Roma. La onde
i Romani, come si fussero huomini nati di divino concetto, li reverivano come loro Heroi: et nell'Hym
ni li cantavano: et era la loro vita Pastorale, et faticosa; et facendo nella loro gioventu capanne di
canne nel colle palatino, et nel Saturnio Capitolino, come dicono Vitruvio et Dionysio Alicarnasseo.
vi fecero poidi fabriche, et quelle capanne furono con somma reverenza conservate, et l'una di esse si tro
vava conservata insino nell'imperio di Augusto, da sacerdoti mantenuta intera, sempre ristaurando¬
la di que legni chele mancavano. La quale era nel cantone del colle Palatino, per andare al circo Mas¬
simo è chiamata la casa di Romolo. Scrivono anchora che quando questi duoiNepoti vennero in mano
di Numitore erano di deciotto anni. et fu per causa d'una lite condotti, come accusati di cose di furti,
et di violenze usate à pastori conla loro fierezza. Et per che Numitore teniva Ragione di questo per
Amulio in Tuscolo; et perle effigie et perlo sangue et perla eta li conobbe cosi volente il Fato. Et quivi
in Tuscolo fu fatta la congiura contro Amulio, et venne fatta per che fusse edificata Roma. La quale conle
emulationi pria di vicini, i Romani tirati à guerra, pria vinsero, i sabini, cenenesi, crushemini. po
scia ilatini et li Toscani, dipoi i samniti et li campani et il resto d'Italia, et cosi Roma ampliandosi so
pra ogni altra città facendosi padrona et famosa, et piena di fatti egregij, di huomini forti et virtuo¬
si, et di grandezza et di signoria, et di suntuosissimi, et miracolosissimi edificij, piena d'ogni nobilta, et
madre ditutti divenne universalmente, et di tutte le cose eccellenti dell'arti delle ricchezze, delle cose
che apporta la natura, et da quelle del studio ritrovate. per che doppo la sua fundatione come è detto,
mando fuora tali huomini, che si fecero signori del Mare et della Terra: et hebbe et harra delli piu religio
si et piu giusti. et li piu valorosi inguerra: ne havendo alei per essi resistere nessuna natione ne gre
ca ne barbara. per cio che accrebbe l'imperio, per l'Europa tutta, per l'Asia, et per l'Africa, dilatandosi
sempre per settecento quarantacinque anni, cominciando da Romolo insino al consolato di Tiberio Clau¬
dio Nerone, et di Calpurnio Pisone i quali nella olympiade cento novantatre furono creati consoli,
Roma intalhora havea trecentomila cittadini da maneggiar armi, armati d'ogni valore. et per
due mila et duecento anni sempre come dice Censorino, à giusa d'un'sole splendente stette nell'alzare
et fermare il suo stato. si come gli promettevano l'annuntio delli duodici Avoltori che apparve
ro à Romolo nell'edificare il nome della citta, la quale battezzo di nome occulto chiamandola Va
lentia. et alla scoperta Roma, et questo basti del suo evento del suo edificatore. et peraccompagna
mento havemo poste quiseguentemente alcune memorie che si trovano scritte nell'antichi mar¬
mi: et il resto havemo trattato nella discrittione generale d'essa inquattordiciRegioni, dove sono di
chiarate tuttelesue particolarita delli edificij. Dice Dionysio, che la città imperadrice dela Terra
al tempo suo era di grandezze come Athene: Ma di poi molto piu accrebbe, et havea un popolo di marmo,
et unaltro d'huomini, come fu altempo di plinio. Havea Trecento Mila huomini censiti nella militia.
Et finalmente fu di circuito disegnata da Aureliano Imperatore di trenta miglia come scrive
Flavio Vopisco.</Unicode>
            </TextEquiv>
        </TextRegion>
    </Page>
</PcGts>
