3800 5255
976 357 3484 443 mente nel colle palatino da pastori, et sendo grandi aiutarono à recuperare il Regno al suo
992 465 3512 555 Avolo, et edificarono Roma: et questo tutto i piu chiari auttori affermano. Ma accioche nulla man
982 576 3496 666 chi alle cose referite, andaremo dicendo quello che referirono ancho Calhia Caltino, et Agatho¬
992 674 3476 760 cle, che ancho rappresentarono questa oppenione, che Aenea mori al fiume Numico trali Abo¬
974 777 3464 864 rigini in Italia combattendo contra Turno Re di Rutuli, infavore del Re Latino, et morendo fu
990 875 3470 974 appellato Iove indigite, et Latino anchora doppola vittoria non sendo neancho egli ritrovato,
994 979 3510 1087 fu adorato per Iove Latiale. Oltre dicono chenell'essere Aenea venuto inItalia sendo stato cac
1022 1075 3490 1189 ciato da Troia, occupò colli suoi Troiani il nome latino, dove prese per moglie Romona, et
1008 1193 3530 1297 edificata una città dalei chiamò Roma, detta ancho Lembus. La onde Heraclide affermò, che
984 1305 3492 1411 Aenea venente da Ilio capta da Greci, ò vogliamo dire Troita nelli Achivi fu dala fortuna
1006 1425 3484 1519 trasportato in Italia, et seguitando dentro il Tibere fiume colle sue navi per suo porto,
994 1527 3500 1629 vi dimorò tant'oltre, che arrivò dove fu Roma, et havendo seco molte Troiane sbattute
1008 1633 3468 1727 dala tempesta, et trale quali era una chiamata Roma, la qual sendo d'altocorogio consigliò
1000 1740 3480 1845 alle Donne tutte à fermarsi in Latio, et cosi troncate et abruciate le navi, mentre i mariti
1008 1854 3488 1947 andavano abuscando il vitto, et questo fecero accio che non piu andassero erranti, fu per
1018 1962 3484 2051 tanto arsa l'armata, et sendo astretti dala necessità, edificarono la città, et dal nome dela
1028 2071 3460 2161 consigliera denominarono quella, per memoria del fatto. Confermando dunque Ovidio,
1028 2175 3502 2273 colla sua narratione volge questo fatto in favola bellissima, corroborando la oppenione
1018 2289 3514 2387 di greci figne che le Navi di Aenea Ardenti si mutarono in tante Nymphe del Mare
1042 2395 3502 2503 che accompagnate coll'onde Tiberine accompagnarono il gran nume di esso fiume: che me
1044 2513 3530 2605 te l'acque nel Tyrrheno. Non abastanza havendo dette si fatte cose, Galata anchora scrit
1032 2625 3526 2733 tor chiarissimo, scrisse, che doppo la morte di Aenea, l'imperio pervenne, à Latino figliuolo
1040 2745 3498 2849 di Telemacho et di Circe: ma questo è alquanto falso dall'altri oppenioni, oltre che invece
1054 2865 3556 2949 di Telegono mette Telemacho, che tutti i scrittori affermano esser nato di Circe et di Ulysse,
1062 2983 3544 3065 et questo tale Telegono edifico Praeneste Polistephano, et Tusculo sul monte Arunco: il qual
1054 3097 3544 3185 fu prima di Roma edificata, il che è da considerare che Aenea pria di Ulysse passo in Ita
1058 3203 3540 3291 lia, conciosia cosa che doppo la distruttione di Troia Ulysse parti di phrigia dal Troade, et Aenea
1054 3309 3522 3401 nella arsione di essa patria, et li figliuoli che nacquero di Circe et di Ulysse che furono Ar
1066 3417 3522 3513 dea et Telegono, non potevano esser maggiori di quelli che genero Aenea di Lavinia figliola
1070 3525 3556 3623 di Latino. et poscia sendo morto quasi in un tempo Latino, che mori Aenea non poteva succedere
1070 3643 3548 3739 nello imperio: ma successe Iulo Ascanio sudetto. perlo che Galata s'inganna. Ma questo sia
1066 3751 3548 3869 si come si voglia egli sogionge et dice che Telemacho et Circe generarono, et Romo et Romulo,
1086 3862 3514 3978 che fecero Roma; Doppo la morte di Aenea. Altri dissero, chel nome di Roma fu detto da una
1094 3970 3528 4070 donnalatina, la quale pacificò le Donne Troiane conli mariti Troiani, nell'odio preso
1094 4078 3548 4174 perle abruciate navi. et per che nel pacificarsi si baciarono et abbracciarono, colle donne
1078 4174 3578 4286 latini fu sempre tenuta memoria in segno di amicitia, quando le donne conoscenti si incontra
