3800 5255
1022 348 3584 441 RHICANO, RHICANIS, ò vero Ricani. fu città antichissima de sabini habitata pria dall'Aborigini latini populi. La
1042 436 3548 525 quale, secondo mette Dionysio Alicarnasseo era settanta stadij discosto da Lista metropoli dell'Aborigini
1044 516 3592 623 et prossima à Cotila citta famosa, Fu posta a piedi Monti, da lei non molti lontani, in, in unluogo di spatio di
1048 608 3554 711 quattro Iugeri pieno d'acqua che da perse istessa quivi nasce, et sempre corre, et il fondo suo come si di
1034 698 3564 793 ce, è grandissimo: et i convicini stimavano, questo luogo un'certo che di divino, onde lo consecrarono alla
1038 786 3550 879 Vittoria, et per tale affetto il chiusero al d'intorno di Gabbie, accio che nessuno, l'acqua potesse operare, e
1034 878 3548 965 guardavano che stesse in modo, che non visi potesse andare, eccetto che incerti tempi dell'anno, nel qua
1020 965 3558 1062 le montando, come inuna Isola, entravano quelli ai quali era concesso difare il sacrificio. La cui iso
1032 1039 3558 1150 la cosi eletta era di piedi cinquanta di circuito, et surgeva sopra all'acqua non piu che'l altezza di un
1040 1122 3562 1239 piede et mezzo. et essa non è stabile, ma viene aggirata dal vento et trasportata in diverse parti ove na
1026 1226 3558 1319 sce lherba simigliante all'occhio di Bove, ò vero al pruno bianco simile: et vi nascono certi arboretti non
1032 1320 3542 1397 grandi. et questo che sinqui Dionyso dice è nel paese de sabini, et è una delle citta gia fatte dall'Umbri, et
1036 1416 3560 1489 da oenotri et da quelli popoli senza origini certa detti Aborigini, et altremente Endigini. Di questo luo
1030 1506 3548 1571 go scrive Plinio. et hodiernamente si chiamano cotale acque Rosee Raetine: et portano le sue ac
1038 1594 3322 1661 que nel Velino fiume et lago che cade nel fiume chiamato Nar', ò vogliamo dire la Nera.
926 1948 2450 2055 RHICINA, è una delle sei Isole chiamate da Ptolemaeo Ebudis.
938 2174 3250 2257 RHIGUSA, è citta nella Hispania, secondo Ptolemaeo dice. donde Rhigusafabricensi, i suoi populi.
936 2432 3034 2545 RHINDACO, Rhindacus, ΡΙΝΔΑΚΟΣ, è fiume del Ponto Euxino, secondo Ptolemaeo.
952 2786 3548 2929 RHINOCURURA, è città nelli confini della Palaestina, secondo Ptolemaeo: maStephano dice essere dell'Aegypto. Come
1018 2878 1554 2949 havemo detto più oltre.
990 2958 3576 3085 RHION, è la medesimo parola ch'è,Rion, senza spiratione, et si prende perlo promontorio dell'Aetolia Regione, nomi¬
1014 3052 3524 3165 nato da Plinio nellibro quarto al secondo capo. et secondo Stephano, è citta della Messenia. et unaltra è dell'Achaia
1018 3152 2170 3223 et l'altra della Molycria, come è detto piu oltre.
990 3226 3510 3357 RHIPE, è la istessa ch'è Ripi, piu oltre scritta citta dell'Achaia, donde si dice Rhipaeo, et Rhipense, et alcuni la
1058 3316 2330 3407 RIPE, alla imitatione greca, ΡΙΠΗ, et ΡΙΠΑ alla Dorica.
974 3414 3546 3547 RHIPAEI, ΡΙΠΑΙΟΙ, sono populi cacciatori, che de venatione vivono, habitatori della Aethiopia sotto l'Aegypto come
1040 3506 1468 3567 scrive Ptolemaeo.
986 3608 3538 3731 RHIPHAEI, ΡΙΦΑΙΟΙ, sono Monti della Scythia donde nasce il fiume Tanai, che dividi li scythi in due parti. de quali
1034 3698 3558 3813 parla Virgilio quando dice: AD SCYNTHIAM RIPHAEASQVE ARDVVS ARCES, dove li scrive con l'ultima spiratione
1046 3799 3506 3894 senza laprima, come havemo detto piu oltre. Ma Merula gli scrive Rhipaei, et li chiama dal Rhiphe vento
1040 3904 3508 3963 che si scrive Riphe senza la .H. onde bene anchora è da scrivere. Riphaei. et i latini dicono Riphaeus, et Riphaea:
1026 3994 1651 4034 come per la .H. Rhiphaeum
1574 3948 1726 3985 scythicus
1651 4004 3546 4050 et Aquilonaris. Rhiphaeo anchora fù chiamato uno delli centauri figliuolo di Ixioxe
1040 4083 1318 4116 et di Nube
1280 4036 1588 4070 come dice Ovidio
1318 4083 2818 4132 et è nome di uno Troiano presso di Virgilio nellibro secondo dell'Aeneide.
1012 4139 2750 4207 RHISINA, è citta della Mesopotamia, come dice Ptolemaeo. da qui Rhisinaei.
1002 4209 2806 4271 RHITIO, Rhitium, ΡΙΤΙΟΝ, è citta nella inferiore pannonia, come di Ptolemaeo.
1012 4275 3514 4336 RHITHYMNA, et ΡΙΘΥΜΝΑ, è citta maritima nell'isola di Crete, come vuole Ptolemaeo. Chel vulgo chiama Ritimo, et
1078 4345 3394 4396 da esse se dice Rhitymniate, come piace à Stephano, come è detto piu oltre nell'altra parola in aspirata.
1014 4391 3438 4466 RHITRO, Rhitrus, ΡΙΤΡΟΣ, è porto d' Ithaca Isola, delquale parla Homero nel primo et secondo dell'Odyssea.
1004 4463 1940 4533 RHIZANA, è città nella Delmatia d'Italia
988 4527 3524 4595 RHIZENIA, ΡΙΖΗΝΙΑ, è città nell'Isola di Crete, da cui il gentile Rhizeniate, ò Rhizeniates, ò ΡΙΖΗΝΙΑΤΗΣ.
1066 4587 2348 4656 Come è detto piu oltre nella parola senza spiratione.
980 4649 2988 4726 RHIZINIO, Rhizinium, ΡΙΖΙΝΙΟΝ, è citta della Liburnia, dice plinio, colonia de Romani.
988 4725 3500 4797 RHIZONICO, Rhizonicus, ΡΙΖΟΝΙΚΟΣ, si dice il seno d'Italia nella Delmatia: secondo Ptolemaeo: et il vulgo
1046 4791 1624 4839 il chiama Golfo de Cataro.
992 4848 2628 4903 RHIZOPHAGI, sono populi dell'Aethiopia d'Aegypto, come di Ptolemaeo
978 4914 3578 4977 RHIZO, Rhizus, è citta nel ponto cappadocico, come dice Ptolemaeo. et è nome della città di Thessaglia, da cui il gentile
1064 4979 2804 5031 Rhizuntio, et scrivesi Rizos, senza spiratione come è scritto piu oltre.
