3800 5255
3236 61 3345 169 71
3201 146 3312 250 80
3080 231 3224 388 77
472 542 2787 704 nozze chiaman Talassio. Non mancano gli authori che questo ancor non mettano in confusione
463 677 2766 774 dicendo che quelle donne Troiane stanche di tanti infortuni che havean passati, essendo smontati
476 763 1146 840 interra i mariti, et le donne,
1126 744 1230 802 loro
1146 749 2794 839 si consigliorono di non voler piu seguire il Mare, postesi sula riva del
498 839 2801 932 Tevere arseno le navi, et i mariti per tal danno portavan odio ale sue donne onde essendo un'
487 914 2808 1042 giovene chiamato Talasso per virtu del quale si pacificorono. Sempre nelle congniuntioni et concor
477 984 2836 1125 die chi si facevano tra maschi et femine sempre si cantò il suo nome. Donato sopra gli adel¬
486 1068 2792 1196 phi di Terentio dice, che Hymeneo secondo alcuni fù figliuolo di Venere et di Bacco (cosa
493 1171 2758 1264 intutto contraria à Catullo) il quale fu il primo, che ordinò le certe nozze, et per questo si,
505 1211 2751 1345 canta il suo nome et lo dasi,cio è nolle nozze Verginali, alcuni altri dicano, che fù un
495 1297 2758 1441 valente huomo, Atheniese il quale restitui le Vergini, ala sua patria quale erano state rubati
503 1409 1234 1519 da latroni con la morte loro.
1142 1391 1499 1457 come disopra è detto,
1206 1393 2831 1491 Alc... dicano per che Hymin è una certa pellicula dove con¬
506 1461 2836 1608 siste la Verginità qual si straccia nel primo assalto, fu detto Hymeneo che quasi vol dire Hym¬
505 1553 2794 1678 no, qual si cantava nelle nozze Verginali adunque cosi pigliarai nele nozze Hymeneo,
503 1646 2171 1750 come nelle essequie de morti Thremis, et nolle cose sacre Hymno.
478 1712 2793 1826 L'anticho costume di Romani, di cigere et de scioglere la cintura dal marito alla nova moglie. Festo dice
504 1807 2766 1916 inquesta sentenza solevasi la nova maritata pria cingere d'una cintura fatta di lana pecorina, qual'
495 1882 2795 1992 poi il marito la prima notte le sciogleva, accio che come ella ridotta ingiomero si venga in sieme tutta
504 1961 2796 2076 a congiongere. cosi il suo marito, seco cinto, et legato stesse. Cotal cingulo ligato corun nodo detto da Her¬
506 2061 2795 2152 cole, Herculaneo se disscioglieva dal marito per farsi buono augurio, accio egli cosi fusse felice in generare
515 2142 2791 2240 figliuoli come fu Hercole, il qual' settanta figli lascio. Appresso dicono che à Iunone Cinxia era de¬
506 2205 2774 2320 dicato quel Tempo appunto dele nozze, quando nel coniuger deli sposi si faceva tal scioglimento dela
502 2293 2785 2405 cintura, de cui la nova sposa era stata centa. Come s'è detto per li versi di Catullo. et Homero nella
515 2403 2783 2491 Odyssea nel'libro undecimo, dove racconta come Nettuno svirginò Tyro, che del bellissimo fiume Enipeo
510 2476 2752 2579 era innamorata, ma pria Neptuno se congingesse, si mutò in la forma di esso fiumi Enipeo fece con
518 2548 1878 2660 Tyro il fatto suo, havendo prima fatto un certo concavo ove entro
1858 2528 1908 2578 et
1878 2544 2804 2649 con Tyro giacque, li versi di homero dove
516 2638 1079 2745 si racconta questa festa
1071 2617 2841 2728 ΣΗ, ΤΥΡΩ. ΠΟΤΑΜΟΥ. ΗΡΑΣΣΑΤ ΕΝΙΠΗΟΣ. ΘΕΙΟΙΟ, ΟΣ ΠΟΛΥ ΚΑΛ¬
525 2706 2779 2812 ΛΙΣΤΟΣ. ΠΟΤΑΜΩΝ. ΕΠΙ. ΓΑΙΑΝ ΙΗΣΙ. ΚΑΙΡ, ΕΠΕΝΙΠΗΟΣ. ΠΩΛΕΣΚΕΤΟ, ΚΑΛΑ... ΡΕΕΘPΑ
534 2791 2820 2895 ΤΩ. ΔΑΡΑ. ΕΙΣΑΜΕΝΟΣ. ΓΑΙΗΣΧΟΣ. ΕΝΝΟΣΙΓΑΙΟΣ. ΕΝ ΠΡΟΧΟΗΣ. ΠΟΤΑΜΟΥ. ΠΑΡΕΛΕΣΑ¬
517 2864 2794 2962 ΤΟ, ΕΝΝΟΣΙ ΓΑΙΟΣ, ΠΟΡΦΥΡΕΟΝ ΔΑΡΑ ΧΕΙΜΑ. ΠΕΡΙΣΤΑΘΗ. ΟΥΡΕΙ. ΙΣΟΝ / ΚΥΡΤΟ¬
529 2939 2804 3041 ΘΕΝ. ΚΡΥΨΕΝΤΕ. ΘΕΟΝ, ΘΝΗΤΗΝΤΕ ΓΥΝΕΙΚΑ ΛΥΣΕ ΔΕ ΠΑΡΘΕ ΝΙΗΝ. ΖΩΝΗΝ, ΚΑΤΑ
532 3028 1132 3115 ΔΥΠΝΟΝ, ΕΧΕΥΕΝ.
1102 3030 2826 3122 Sin qui il poeta. dove il suo chiosatore isponendo ΛΥΣΕ ΠΑΡΘΕΝΙΝΝ, ΖΩΝΗΝ
527 3099 2801 3213 dice ΑΝΤΙ ΤΟΥ ΔΙΕΠΑΡΘΕΝΕΥΣΕΝ, cio è egli la svergino et questo significa presso di Latini scio¬
524 3160 2830 3295 gler la cintura. Ma dicano gli altri presso di greci, che subito che la donna sta per parturire, sciolgan
517 3245 2809 3353 la cintura, et che si cava dalli chiosatori di Apollonio, Era per anticho costume tra Romani nel pi¬
531 3328 2802 3438 gliar moglie come scrivi Festo, Tanto le spose come quelle che erano per maritarsi di sacrificare alle ca¬
540 3373 2800 3497 mene cio è alle Muse, et nel pigliar la moglie si soleva il capo dela sposa ornare in luogo del discer
548 3451 2792 3582 niculo ò scriminale cor una hasta detta celibare, la qual fusse stata sopra un Gladiatore morto,
530 3549 2777 3658 et la cagion'dicio era, che come quella hasta era stata posta sopra del corpo del gladiatore, cosi essa
515 3616 2825 3734 fusse col suo marito. fu ò ver per che le spose sono in tutela de Giunon detta Cureti, che cosi è chiamata
536 3679 2823 3817 dal portar del'hasta che curis in lengua sabina se diceva. Over per che farsi augurio à generavo valen¬
523 3759 2840 3903 ti huomini, ò ver per che la Donna per il matrimonio divien sugetta al marito concio sia che l'hasta
529 3829 2804 3982 è la somma dell'arme et del' Jmperio. Onde anche per questo gli valenti huomini per la prodezza loro
536 3917 2784 4031 eran spessi ornati di cotal duono dai suoi Capitani, et i pregion vengo sotto quella, et per questo
533 4008 2868 4105 da i Greci i pregion nella guerra son chiamati ΔΟΡΥΑΛΩΤΟΙ cio è presi con lhasta, et ΔΟΡΥΚΤΗ¬
539 4075 2789 4165 ΤΟΙ che vol dire collhasta venti, et condotti in possesione dei vincitori. Di questo costume Ovidio
546 4157 2780 4258 fa mentione ne fasti cosi al secondo. NEC•TIBI•QVAE•CVPIDAE•MATVRA•VIDEBERE•MATRI,
540 4242 2814 4362 COMAT•VIRGINEAS•HASTA•RECVRVA•COMAS, ove si comanda che nelle feste de matrimonij in fe¬
