3800 5255
3171 190 3233 250 64

3152 322 3179 382 6

473 398 546 458 nel
575 398 750 458 quarto
765 398 881 458 libro
910 398 955 458 de
969 398 1114 458 Ponto,
1129 399 1172 459 et
1201 401 1232 461 si
1261 403 1509 463 chiamava
1538 406 1595 466 gia
1639 410 1829 470 coralio,
1843 413 1887 473 et
1901 415 2046 475 nasce
2077 418 2135 478 nel
2164 421 2323 481 monte
2354 425 2614 485 Dindymo,
2645 428 2703 488 dal
2717 430 2848 490 quale

440 486 467 546 si
495 486 659 546 appella
686 489 837 549 Cybele
864 491 1123 551 Dindymea.
1152 494 1493 554 Sacrificavano
1506 496 1562 556 gli
1589 496 1725 556 Helidi
1754 498 2027 558 ad'Alphaeo,
2040 498 2137 558 altri
2164 498 2205 558 al
2218 498 2342 558 Fonte
2369 498 2574 558 Anigrese
2601 498 2725 558 perli
2739 498 2874 558 amorti

451 584 490 644 et
504 586 718 646 Vaticinij,
744 587 771 647 al
797 588 917 648 Fonte
943 588 1117 648 langia,
1144 588 1184 648 al
1197 586 1345 646 Tonide
1371 586 1451 646 alle
1464 584 1638 644 nimphe
1665 582 1866 642 Anigresi
1892 579 1932 639 et
1945 578 2038 638 alle
2065 578 2212 638 altre,
2239 576 2453 636 chiamate
2493 574 2799 634 Anchirrhoe,
2826 576 2906 636 Ione

480 676 715 736 Myrtessa,
741 674 780 734 et
793 673 832 733 al
858 671 977 731 fiume
1016 670 1252 730 Amphriso,
1278 668 1526 728 all'Eurota
1565 666 1656 726 perlo
1682 664 1814 724 amore
1840 664 1866 724 di
1892 663 1983 723 Iove
1996 662 2035 722 et
2061 662 2115 722 di
2128 661 2258 721 Leda,
2284 659 2310 719 et
2336 658 2402 718 non
2428 656 2493 716 era
2532 654 2625 714 città
2651 653 2690 713 ne
2716 651 2846 711 greca

454 778 508 838 ne
535 776 708 836 latina,
722 773 790 833 che
817 771 897 831 non
937 767 1206 827 venerassero
1246 764 1260 824 i
1286 762 1407 822 Fonti
1433 761 1460 821 et
1475 760 1515 820 li
1542 760 1689 820 Fiumi,
1702 758 1742 818 et
1756 758 1769 818 i
1796 756 1931 816 Mari:
1958 754 2065 814 come
2105 751 2187 811 fece
2214 748 2454 808 Alexandro
2481 745 2630 805 Magno
2656 742 2710 802 che
2736 739 2857 799 sacri

465 878 548 938 fico
576 873 855 933 all'oceano,
869 867 981 927 come
1023 865 1176 925 origine
1204 863 1245 923 et
1259 861 1399 921 padre
1426 859 1468 919 di
1481 858 1594 918 tutti
1607 855 1775 915 ifiumi
1802 853 1844 913 et
1871 851 1970 911 degli
1997 849 2108 909 Iddij
2122 847 2317 907 chiamati
2344 845 2568 905 dell'acphe
2582 843 2624 903 et
2651 841 2777 901 delle
2805 840 2901 900 Nym

446 952 561 1012 phe:
586 952 625 1012 et
637 951 804 1011 partico
830 949 1048 1009 larmente
1073 946 1367 1006 Veneravano
1393 944 1560 1004 Glavco
1585 942 1623 1002 et
1649 942 1905 1002 Galathea,
1930 939 2123 999 pProtheo
2161 938 2199 998 et
2225 937 2404 997 Idothea
2455 936 2532 996 sua
2557 934 2775 994 figliuola,
2800 934 2864 994 Ne

451 1038 522 1098 reo
557 1038 606 1098 et
629 1039 665 1099 le
700 1039 937 1099 Nereide,
961 1038 996 1098 et
1033 1036 1282 1096 Neptuno,
1305 1035 1364 1095 con
1388 1032 1589 1092 trecento
1613 1029 1744 1089 iddij
1767 1026 2028 1086 dell'acque
2076 1024 2112 1084 et
2135 1022 2302 1082 maschi
2325 1020 2360 1080 et
2384 1020 2586 1080 femine,
2597 1018 2633 1078 et
2645 1018 2764 1078 sopra
2787 1018 2870 1078 alle

443 1120 600 1180 Donne
638 1120 821 1180 Venere
872 1120 911 1180 et
951 1119 1160 1179 Doride.
1198 1117 1432 1177 Melicerta
1473 1116 1511 1176 et
1537 1113 1810 1173 Palemone;
1850 1112 1889 1172 si
1902 1111 1979 1171 che
2007 1109 2097 1169 non
2123 1107 2423 1167 manchavano
2436 1102 2696 1162 all'antichi
2723 1101 2878 1161 inomi

460 1210 605 1270 deloro
632 1210 751 1270 iddij
779 1210 819 1270 de
846 1210 1031 1270 Fonti:
1044 1209 1111 1269 ma
1139 1208 1152 1268 i
1179 1208 1391 1268 Romani
1417 1204 1871 1264 universalmente,
1897 1201 1937 1261 al
1950 1200 2030 1260 sole
2070 1200 2109 1260 et
2136 1198 2389 1258 Aesculapio
2402 1197 2455 1257 et
2482 1196 2563 1256 alle
2576 1196 2762 1256 Figliole
2775 1196 2815 1256 li
2828 1196 2894 1256 con

448 1298 715 1358 secrarono:
742 1296 781 1356 et
795 1296 808 1356 à
848 1296 996 1356 questi
1009 1296 1236 1356 facevano
1263 1294 1316 1354 la
1342 1292 1596 1352 sollennita
1636 1292 1890 1352 Fontande
1918 1290 2024 1350 come
2051 1290 2159 1350 piace
2199 1289 2212 1349 à
2238 1288 2413 1348 Varro,
2439 1288 2492 1348 ma
2519 1288 2625 1348 Festo
2638 1288 2826 1348 Pompeio
2852 1288 2921 1348 Fori

481 1389 618 1449 tinalla
643 1390 717 1450 dice
742 1390 867 1450 essere
905 1390 1017 1450 Ferie
1042 1390 1205 1450 dirette
1242 1390 1279 1450 et
1291 1388 1491 1448 dedicate
1516 1387 1604 1447 alli
1628 1386 1766 1446 Fonti,
1779 1385 1816 1445 et
1828 1384 1939 1444 intal
1953 1382 2065 1442 hora
2089 1382 2114 1442 si
2140 1379 2439 1439 coronavano
2464 1378 2513 1438 di
2527 1376 2651 1436 fiori,
2663 1376 2700 1436 et
2727 1376 2751 1436 si
2776 1374 2875 1434 gitta

447 1476 557 1536 vano
581 1476 654 1536 esse
678 1476 838 1536 corone
874 1476 923 1536 ne
960 1476 1106 1536 Fonti,
1118 1474 1156 1534 et
1192 1472 1472 1532 coronavano
1510 1470 1522 1530 i
1547 1468 1717 1528 Pozzi.
1741 1466 1778 1526 Et
1802 1464 1901 1524 cosi
1913 1462 2144 1522 facevano
2169 1459 2219 1519 gli
2243 1458 2462 1518 habitatori
2474 1456 2535 1516 del
2561 1454 2768 1514 parnasso
2804 1454 2916 1514 nell'

444 1562 649 1622 Helicone,
678 1559 814 1619 quelli
828 1558 896 1618 del
925 1556 1089 1616 pegaeo,
1116 1554 1143 1614 ò,
1159 1552 1363 1612 ΠΗΓΑΙΟΣ,
1390 1549 1447 1609 del
1460 1548 1569 1608 qual
1583 1547 1830 1607 bevevano.
1858 1544 1927 1604 Ma
1941 1544 1982 1604 in
2009 1543 2132 1603 Roma
2146 1542 2366 1602 ornavano
2379 1541 2422 1601 la
2449 1540 2558 1600 Porta
2585 1541 2819 1601 Fontilale,
2833 1542 2874 1602 la

451 1650 568 1710 quale
595 1650 712 1710 prima
738 1648 764 1708 si
791 1648 974 1708 chiamava
1013 1645 1183 1705 Capena,
1196 1643 1430 1703 intallrora
1443 1640 1613 1700 quando
1639 1638 1875 1698 andavano
1901 1635 2005 1695 fuori
2032 1634 2058 1694 di
2084 1634 2149 1694 essa
2175 1633 2200 1693 in
2228 1632 2344 1692 pompa
2370 1632 2476 1692 colle
2501 1632 2645 1692 corone
2684 1632 2697 1692 à
2736 1632 2921 1692 dedicarle

453 1738 508 1798 ai
522 1739 658 1799 Fonti:
672 1738 713 1798 et
728 1738 906 1798 Fudetta
920 1736 1126 1796 fontinale
1140 1735 1222 1795 dala
1249 1734 1360 1794 copia
1387 1733 1469 1793 dele
1483 1731 1606 1791 vene
1620 1730 1662 1790 de
1690 1730 1826 1790 Fonti,
1854 1728 1881 1788 et
1908 1726 2101 1786 Iuvena
2115 1725 2156 1785 le
2183 1724 2321 1784 percio
2349 1724 2376 1784 la
2403 1723 2485 1783 dice
2513 1722 2678 1782 Madida
2719 1722 2869 1782 Capena

450 1835 538 1895 cosi
551 1833 654 1893 nella
680 1831 833 1891 seconda
859 1829 1038 1889 Satyra.
1064 1825 1332 1885 SVBSTITIT
1357 1824 1397 1884 AD
1422 1821 1639 1881 VETERES
1665 1820 1819 1880 ARCVS,
1831 1816 2126 1876 MADIDAMQVE
2164 1814 2394 1874 CAPENAM.
2420 1812 2510 1872 dela
2536 1810 2612 1870 cui
2625 1810 2728 1870 porta
2753 1808 2867 1868 livio

453 1920 571 1980 parla
597 1918 663 1978 cosi
676 1916 848 1976 dicendo.
874 1914 1071 1974 AEDILES
1084 1912 1269 1972 ALTERAM
1322 1910 1547 1970 PORTICVM
1586 1908 1625 1968 AD
1652 1908 1822 1968 PORTAM
1876 1906 2152 1966 FONTINALEM
2206 1904 2258 1964 AD
2285 1904 2481 1964 MARTIS
2508 1901 2863 1961 ARAM•QVAVN

459 1996 636 2056 CAMPOS
650 1995 745 2055 ITER
774 1994 924 2054 ESSET,
938 1994 1185 2054 PERDVXERE
1226 1994 1362 2054 Percio
1390 1994 1444 2054 che
1471 1994 1541 2054 era
1569 1994 1678 2054 fuori
1691 1994 1732 2054 di
1746 1994 1884 2054 questa
1897 1994 2007 2054 porta
2047 1994 2075 2054 il
2088 1994 2254 2054 Tempio
2267 1994 2308 2054 di
2322 1995 2458 2055 Marte
2485 1994 2664 2054 Custode
2678 1994 2773 2054 della
2801 1994 2883 2054 citta

460 2088 531 2148 ora
560 2088 617 2148 per
633 2088 718 2148 dire
747 2090 905 2150 anchora
919 2090 991 2150 dele
1005 2090 1220 2150 cerimonie
1265 2090 1421 2150 antiche
1436 2092 1710 2152 dell'acque,
1724 2092 1753 2152 i
1767 2092 1954 2152 Romani
1982 2092 2370 2152 particolarmente
2399 2092 2716 2152 conducevano
2744 2094 2801 2154 nel
2830 2095 2886 2155 cir

467 2196 507 2256 co
534 2198 642 2258 dove
669 2198 887 2258 facevano
901 2198 914 2258 i
941 2196 1132 2256 giuochi
1145 2196 1186 2256 et
1213 2193 1417 2253 sacrificij
1444 2189 1647 2249 circensi
1676 2187 1757 2247 uno
1784 2184 1932 2244 Euripo
1959 2183 2029 2243 cio
2056 2182 2069 2242 è
2110 2180 2301 2240 Ruoletto
2314 2180 2355 2240 di
2368 2180 2517 2240 acqua
2544 2180 2681 2240 Viva,
2694 2180 2762 2240 per
2789 2181 2856 2241 che

469 2296 515 2356 in
546 2296 624 2356 essi
639 2298 778 2358 guochi
793 2298 824 2358 si
839 2298 1115 2358 honorassero
1148 2296 1178 2356 le
1209 2296 1302 2356 cose
1317 2293 1548 2353 dell'acque
1563 2292 1609 2352 et
1624 2290 1918 2350 dell'oceano,
1933 2287 1963 2347 et
1979 2286 2041 2346 per
2057 2283 2287 2343 significare
2318 2280 2348 2340 la
2381 2279 2487 2339 vita
2502 2278 2735 2338 dimortali
2750 2276 2887 2336 essere

472 2394 617 2454 simile
632 2397 646 2457 à
675 2399 837 2459 quella
851 2400 895 2460 de
909 2399 1042 2459 Fonti,
1056 2398 1085 2458 et
1114 2397 1303 2457 venire
1332 2394 1406 2454 dal
1421 2393 1493 2453 suo
1508 2390 1684 2450 origine
1713 2387 1727 2447 à
1756 2384 1990 2444 diventar
2019 2378 2164 2438 stagni
2179 2375 2340 2435 fiumi,
2355 2374 2384 2434 et
2413 2372 2543 2432 mari,
2558 2372 2603 2432 et
2618 2371 2719 2431 sono
2734 2370 2850 2430 tutti

495 2500 714 2560 correnti
728 2500 772 2560 et
800 2500 1065 2560 muovibili
1093 2497 1122 2557 et
1151 2495 1370 2555 mutabili
1401 2492 1430 2552 di
1459 2488 1634 2548 fortuna
1663 2484 1707 2544 et
1721 2483 1750 2543 di
1781 2477 2072 2537 quietudine:
2101 2473 2144 2533 Il
2159 2471 2233 2531 che
2247 2470 2334 2530 disse
2349 2467 2670 2527 ottimamente
2685 2467 2904 2527 Euripide

492 2602 616 2662 concio
630 2600 685 2660 sia
714 2599 796 2659 cosa
810 2597 879 2657 che
892 2596 920 2656 li
947 2593 1045 2653 fonti
1073 2590 1238 2650 nascono
1251 2587 1294 2647 et
1308 2583 1528 2643 vengono
1543 2579 1612 2639 dal
1639 2575 1722 2635 suo
1749 2572 1902 2632 origine
1929 2568 2026 2628 cosi
2039 2565 2096 2625 gli
2110 2560 2372 2620 uhuomini,
2386 2555 2427 2615 et
2441 2554 2578 2614 sicome
2606 2552 2676 2612 poi
2704 2549 2855 2609 simuta

493 2696 532 2756 no
571 2696 611 2756 et
637 2693 809 2753 pareno
822 2691 966 2751 essere
979 2688 1018 2748 le
1032 2685 1151 2745 stesse
1177 2683 1282 2743 onde
1295 2679 1361 2739 non
1400 2675 1492 2735 sono
1519 2670 1690 2730 quelle:
1703 2666 1755 2726 ma
1781 2662 1927 2722 simili
1940 2660 1953 2720 à
1980 2658 2111 2718 quelle
2150 2654 2189 2714 di
2202 2652 2348 2712 prima,
2374 2648 2400 2708 et
2426 2646 2572 2706 sicome
2598 2645 2690 2705 sono
2703 2644 2887 2704 horlete

505 2790 805 2850 ethorturbate
833 2786 873 2846 et
900 2782 1065 2842 correno
1092 2777 1284 2837 alMare
1311 2770 1542 2830 Tranquillo
1571 2764 1611 2824 et
1625 2762 1666 2822 si
1679 2755 1953 2815 convertono
1980 2749 2172 2809 influti,
2199 2745 2226 2805 et
2239 2742 2375 2802 poscia
2418 2739 2458 2799 si
2472 2736 2813 2796 tranquillino,
2827 2734 2894 2794 cosi

488 2883 686 2943 etiandio
723 2878 884 2938 succede
909 2872 1194 2932 allhumana
1219 2865 1318 2925 vita
1355 2862 1392 2922 de
1416 2857 1615 2917 mortali:
1652 2853 1714 2913 per
1726 2848 1864 2908 tanto
1876 2845 1901 2905 i
1913 2842 2110 2902 Romani
2135 2836 2209 2896 non
2248 2831 2494 2891 conoscendo
2507 2828 2544 2888 il
2568 2826 2669 2886 vero
2693 2825 2730 2885 et
2755 2823 2891 2883 grande

506 2974 674 3034 opefice
702 2971 1021 3031 philosophando
1035 2966 1299 3026 reverivano
1327 2960 1494 3020 l'acque
1536 2955 1564 3015 le
1591 2954 1717 3014 quali
1731 2949 1897 3009 pareno
1926 2941 2260 3001 maravigliose
2287 2935 2356 2995 nel
2384 2932 2552 2992 vederle
2593 2926 2830 2986 caminare

514 3077 676 3137 attorno
705 3075 795 3135 della
810 3072 928 3132 terra
957 3068 1119 3128 fluire,
1136 3066 1165 3126 et
1195 3064 1371 3124 partirsi
1386 3060 1430 3120 da
1460 3058 1535 3118 essa
1579 3055 1800 3115 mediante
1830 3051 2008 3111 l'ordine
2037 3048 2126 3108 dela
2155 3045 2319 3105 potenza
2334 3042 2437 3102 data
2451 3040 2496 3100 ai
2525 3038 2645 3098 corpi
2659 3036 2807 3096 celesti
2821 3034 2865 3094 si

509 3171 721 3231 converte
749 3168 791 3228 in
805 3166 1004 3226 pioggia,
1018 3162 1060 3222 et
1088 3159 1301 3219 alimenta
1343 3157 1385 3217 le
1413 3154 1597 3214 piante:
1640 3151 1780 3211 pareva
1824 3148 1908 3208 loro
1936 3146 2079 3206 questo
2093 3146 2149 3206 un
2177 3144 2331 3204 olupore
2375 3141 2431 3201 un
2445 3140 2658 3200 miracolo
2672 3137 2841 3197 grande

497 3264 597 3324 come
612 3262 685 3322 nel
699 3261 785 3321 vero
800 3259 886 3319 glie
914 3255 1262 3315 inconsiderabile,
1276 3252 1319 3312 et
1334 3251 1377 3311 in
1391 3250 1536 3310 questo
1565 3249 1637 3309 non
1667 3245 1984 3305 riconoscendo
2013 3243 2056 3303 la
2085 3242 2258 3302 potenza
2287 3241 2316 3301 di
2344 3240 2461 3300 colui
2475 3239 2547 3299 che
2561 3238 2619 3298 ha
2633 3238 2735 3298 fatto
2764 3236 2878 3296 ogni

504 3368 592 3428 cosa
606 3366 767 3426 davano
798 3366 828 3426 la
857 3364 988 3424 Derta
1018 3361 1239 3421 all'acque
1283 3358 1341 3418 per
1356 3355 1548 3415 honorar
1563 3352 1709 3412 quella
1738 3350 1811 3410 sua
1840 3347 2062 3407 potentia,
2076 3345 2356 3405 alimentale;
2385 3344 2429 3404 et
2444 3344 2532 3404 colli
2563 3345 2680 3405 Fonti
2709 3346 2870 3406 ricerda

487 3451 582 3511 vano
610 3452 652 3512 la
680 3452 846 3512 origine
859 3452 942 3512 dela
969 3452 1094 3512 vita.
1108 3451 1149 3511 Et
1164 3450 1178 3510 i
1191 3450 1301 3510 greci
1328 3447 1592 3507 chiamarono
1619 3443 1799 3503 atalfine
1826 3442 2019 3502 ΚΡΗΝΗ,
2033 3440 2172 3500 ΠΗΓΗ,
2185 3440 2213 3500 à
2226 3440 2462 3500 fundendo,
2476 3440 2586 3500 tanto
2615 3443 2917 3503 mascolinamen

499 3542 523 3602 te
548 3541 646 3601 come
671 3540 1048 3600 femininamente,
1074 3536 1270 3596 ΚΡΗΝΗ.
1294 3535 1343 3595 et
1379 3533 1575 3593 ΚΡΟΥΝΗ,
1611 3532 1648 3592 et
1674 3530 1906 3590 ΚΡΟΥΝΩ.
1930 3529 1942 3589 à
1978 3528 2162 3588 Fundendo
2186 3528 2247 3588 que
2271 3528 2418 3588 fundat
2455 3528 2578 3588 aquam
2626 3530 2909 3590 tondeilatini

502 3628 645 3688 Fecero
674 3628 730 3688 Fon
773 3628 815 3688 et
831 3628 973 3688 Fontis,
1001 3626 1201 3686 Fontana.
1231 3624 1330 3684 Come
1358 3622 1459 3682 disse
1473 3620 1645 3680 Caesare
1673 3615 1958 3675 nell'ottavo
1974 3612 2030 3672 del
2059 3610 2174 3670 Bello
2202 3608 2373 3668 Gallico.
2402 3607 2487 3667 SVB
2515 3605 2658 3665 IPSVS
2687 3604 2773 3664 ENIM
2830 3604 2917 3664 OP¬

492 3714 587 3774 PIDI
628 3715 779 3775 MVRVM
833 3716 1026 3776 MAGNVS
1053 3714 1150 3774 FONS
1177 3712 1507 3772 PRORVMPEBAT.
1520 3710 1561 3770 et
1588 3708 1780 3768 Varrone
1821 3706 1959 3766 Forma
2000 3704 2041 3764 da
2068 3704 2165 3764 Fons
2192 3702 2411 3762 Fontana.
2438 3702 2479 3762 et
2506 3702 2603 3762 Fons
2617 3702 2658 3762 si
2685 3702 2836 3762 prende
2850 3703 2904 3763 per

503 3801 767 3861 tranlatione,
781 3800 839 3860 per
868 3798 1015 3858 orgine
1030 3798 1074 3858 et
1088 3798 1235 3858 Causa,
1250 3796 1368 3856 pcomo
1382 3796 1426 3856 ci
1440 3796 1573 3856 mostra
1602 3796 1791 3856 Cicerone
1822 3796 1880 3856 nel
1895 3796 2011 3856 terzo
2027 3796 2114 3856 dele
2144 3796 2363 3856 Tuscolane
2392 3798 2554 3858 quando
2583 3798 2656 3858 dice
2716 3798 2890 3858 NONREM

501 3894 609 3954 IPSAM
652 3896 800 3956 CAVSAM
827 3896 964 3956 ATQVE
991 3896 1154 3956 FONTEM
1195 3896 1277 3956 ESE
1318 3896 1562 3956 MOERORIS.
1589 3894 1618 3954 et
1631 3894 1658 3954 il
1672 3894 1889 3954 medesimo
1916 3892 1930 3952 à
1970 3892 2134 3952 Bruto:
2148 3892 2244 3952 NEC
2257 3892 2298 3952 IN
2338 3892 2502 3952 SENATV
2542 3893 2923 3953 SCELRATISIMORIM

513 4001 773 4061 CONSILIORVM
814 3999 977 4059 FONTES
1004 3995 1182 4055 APETIRE
1210 3992 1442 4052 DVBITAVI.
1470 3989 1497 4049 et
1524 3987 1689 4047 Virgilio
1716 3984 1867 4044 Fonten
1922 3983 1976 4043 per
2003 3981 2127 4041 acqua
2154 3980 2182 4040 di
2209 3978 2387 4038 Fontana
2414 3976 2496 4036 pose
2523 3975 2591 4035 nel
2605 3974 2824 4034 duodecimo
2838 3972 2935 4032 dell'

522 4084 694 4144 Aeneide
725 4083 756 4143 et
771 4082 866 4142 perla
881 4082 989 4142 parte
1005 4082 1145 4142 usurpa
1176 4082 1207 4142 il
1225 4080 1348 4140 tutto,
1379 4080 1458 4140 ALV
1489 4080 1769 4140 FONTEMQVE
1784 4078 2020 4138 IGNEMQVE
2050 4077 2299 4137 FEREBANT.
2330 4076 2440 4136 siche
2456 4076 2486 4136 la
2517 4074 2784 4134 maravigtia
2799 4072 2907 4132 d'una

519 4204 689 4264 sigrande
702 4204 847 4264 arigine
860 4202 1017 4262 defonti
1043 4202 1110 4262 che
1123 4199 1319 4259 vengono
1345 4196 1412 4256 dai
1438 4192 1688 4252 granmari,
1701 4188 1740 4248 et
1753 4185 1883 4245 stagni
1896 4183 1988 4243 fece
2003 4180 2159 4240 pensare
2185 4176 2277 4236 agli
2290 4174 2474 4234 antichi
2487 4172 2540 4232 di
2553 4170 2724 4230 qualche
2737 4170 2868 4230 deita

563 4305 663 4365 come
678 4304 765 4364 dice
780 4301 996 4361 Pamphilo:
1010 4299 1096 4359 oltre
1124 4296 1254 4356 quanti
1269 4293 1326 4353 Re
1340 4290 1542 4350 esignori,
1556 4286 1570 4346 ò
1601 4284 1658 4344 che
1686 4282 1715 4342 si
1729 4281 1817 4341 sono
1845 4275 2047 4335 annegati
2076 4269 2306 4329 nell'acque
2335 4265 2349 4325 à
2363 4264 2449 4324 tutti
2463 4261 2608 4321 hanno
2622 4259 2709 4319 dato
2724 4258 2752 4318 il
2767 4258 2867 4318 nome
