3800 5255
928 363 3386 489 che Herodoto, et Apollodoro: mettono l'edificatione di phoinici di Carthagine molto prima, et sono auttori
924 454 3398 581 antichi à Virgilio: onde non confrontandosi con esso poeta conviene, che egli habbi voluto ornare il suo poe
928 543 3388 675 ma, piutosto che dire come la stava. Ma che Roma fusse finalmente da Romolo et Remo edificata
922 633 3384 761 niuno il niega: et sebene si contradicono: et li piu di loro vengono, al medesimo: come sibene confron
934 711 3392 864 tano insieme tutti questi. Trogo Pompeio, Livio, et l'altri scrittori latini: et vengono accertare, che
920 800 3412 963 Romolo et Remo l'edificasse: discesi dala stirpa deli Re Albani. Onde Lucio Cincio, che loro allegano
934 902 3414 1079 dell'ordine senatorio, scrisse, che essa edificatione fu nel quarto della undecima olympiade, et non nel
920 1000 3422 1182 primo della settima. Et Quinesto Fabio; disse nel primo dell'ottava, Porcio Catone non distinse
924 1111 3390 1272 il tempo all'uso greco delle olympiadi: ma molto diligentemente narra et affermando essere stata
920 1221 3410 1364 l'edificatione ultima doppo la presa di Ilio quattrocento trenta duoi. anni. il cui tempo misura
932 1321 3382 1452 to con la discrittione di Eratosthene, cade sotto all'anno primo delasettima olympiade. Polybio,
932 1433 3386 1562 Megalopolitano dice nel secondo anno di essa settima olympiade, et il medesimo dice Pamphilo
934 1563 3404 1650 Cesariense nella chromia, come afferma Catone, in che condescende il sudetto Dionysio Alicarnasseo.
922 1659 3440 1742 Per cio che Romolo come dicono dall'anno primo della detta olympiade, insino che egli si parti trali viventi.
936 1755 3436 1824 passarono trentasette anni d'imperio: et uno anno di interregno. fucreato Numa Re successore, che regnò
952 1838 3438 1924 quaranta sette anni. Doppo Numa Tullo Hostilio tenne la signoria anni trentaduoi. A cui Anco Mar¬
952 1940 3448 2012 tio succeduto regno ventiquattro anni, di poi Tarquinio Prisco anni quaranta quattro. A cui suc
934 2035 3440 2104 cedendo Servio Tullio sendo ammazzato et postosi inluogo suo Tarquinio Superbo Tyranno et stet
952 2121 3436 2198 tero per vinticinque anni inquesto governo. et sendo cacciato Tarquinio. i Re durarono sinqui du
942 2233 3440 2304 cento quarantaquattro anni, che importano sessanta olympiadi. tal che Romolo prese lo imperio in
934 2339 3452 2410 detto tempo nel primo della settima olympiade. Regnando in Athene Charopo nel primo anno del
936 2441 2594 2514 suo decennio. et di questo tempo niuno è delli scrittori greci et latini
2582 2404 2623 2454 e
2594 2447 3460 2524 chelnegano. Et vogliono che in Alba
928 2541 3406 2614 Longa Romolo rimettesse in stato Numitore havendo gittato dalla Regia Amulio perseguitore del suo
952 2637 3466 2714 perentato. Et poscia che Amulio à se tirato havea il Regno dell'Albani tolto via la parte di Numitore
938 2739 3460 2814 sene stava senza pensiero et sicuro nel suo inleggitimo stato. tenendosi sadisfatto dihavere tolto gli honori
940 2838 3434 2912 et la potesta à Numitore suo fratello. et per queste cose ingiuste che fece fu fatto à tutti odioso, et non te
930 2932 3472 3006 meva alcuna punitione che potesse venire à vendicare le sue sceleratezze: havendo posto ogni vigore
948 3015 3450 3117 di Numitore lontan'del suo stato. Et oltre all'altre cose atrocimente fatte fece questo. Un figliuolo di Nu
930 3117 3452 3216 mitore chiamato Egesto, allhora di prima barba uccise nella caccia in un'luogo oscuro pieno di sivestri
932 3215 3430 3306 sterpi, dando nome esser quel misero da ladroni stato ammazzato. La qual cosa saputa da Numitore
946 3307 3464 3402 suo padre la dissimulò, aspettando meglior'occasione di vendicarsi. Amulio dipoi fece sacerdotessa di Vesta
930 3412 3452 3505 Rhea Silvia altramente detta Ilia figliuola di Numitore et sorella d'Egesto, accio che non piu si ma
950 3520 3440 3585 ritasse, e non procreasse figliuoli, che potessero far vendetta del suo sangue: per cio che secondo le sa
944 3609 3426 3690 cre leggi trenta anni conveniva stare nel sacro luogho dela Dea Vesta, et poscia poteva maritarsi.
950 3713 3456 3788 et con questo modo, come se volesse honorare la fanciulla. Numitore ad dunque sendo privo del sta
958 3815 3468 3882 to et di figliuoli dimorava con gran piacenza. Ma Rhea Silvia, nel quarto anno doppo l'ordine del sacer
954 3907 3444 3982 dotio, andata nella selva di Marte, per portarne dell'acqua dal fonte perla cerimonia del sacri
952 4009 3488 4086 ficio, fu da uno fuor'del Tempio sforzata, et fustimato, che fusse stato uno degli amanti della fanciulla:
938 4105 3482 4182 et alcuni credettero, che fusse stato esso Numitore, non piu per cavarsi la voglia di lebidine, che perfar
942 4211 3464 4286 creare de figliuoli al dispetto d'Amulio. Altri dicono che fu Amulio nontanto per violar quella come
954 4309 3488 4392 per corla in fallo, et farla morire perlo stupendo peccato punirla come si punivano le Vergini Vestali.
