3800 5255
520 740 818 797 De Rhodopis Hero
498 802 834 857 doto nellibro .2.
502 868 854 916 et Plinio nellibro .36.
508 918 722 968 al capo .12.
918 404 3464 511 dal Monte si dice Rhodopeius et Rhoda paeus Orpheo, come il dice Ovidio nel decimo delle trasmu¬
936 482 3422 627 tatione; percio che quivi secondo alcuni confabolo: et compose li orgei. Fu ancho Rhodope, overo
942 590 3398 721 come altri la scrivono Rhodopis, come referisce Suida, ΡΟΔΩΠΙΣ, meretrice nobilissima in
944 699 3386 849 Thracia: che anchora nelle Favole di Aesopo si conserva presso di philosophi, alla quale fu fat
946 824 3398 956 ta quella maravigliosa pyramide in Aegyptio di cui parla Plinio nellibro trentesimo, septo, et
3320 862 3518 924 al capo.12.
934 910 3422 1067 Herodoto et Diodoro Siculo anchora: Alcuni fingono che fu amata da Charaxo fratello di Sap¬
946 1012 3430 1161 pho Mytilenia Poetria. Ma costei hebbe una sorte, per cio che una sua scarpa la fece felice, laquale
964 1116 3442 1267 essendo rossa aduna sua serva gli cadde in uno Horto, et veduta quella da una Aquila la pre
940 1208 3480 1355 se nell'artigli et la porto, fin dove passeggiava il Re d'Aegypto, il quale veduto la dilicatura
942 1312 3414 1443 della scarpetta et la politezza, fece cercartanto, che trovo quella che lhavea portata, cosi per
934 1419 3458 1528 questa buona fortuna Rhodope si fece Regina; et Sappho per amore si gitto in mare dall'Leucadio scoglio
930 1509 3452 1614 et fu honorata de Mitylenij per Venere. Ma hora il Monte Rhodope barbaricamente viene appellato la Montagna
910 1598 3486 1702 dell'Argento et fu detto da Rhodope impia donna stimata da Greci come contemptricedegli Iddij. Et fu esso monte
910 1680 3454 1786 ridotto nel ristretto della Macedonia da Philippo Re tolte alla Thracia come dice Theopompo presso delgrammatico,
926 1763 3490 1863 onde in Macidonia lo mette Plinio nellibro quarto al decimo capo. et da qui Ovidio chiama Rhodopeia Phylli, dis¬
918 1843 3490 1944 gratiata fanciulla: ondelhabitatore Rhodopeio et Rhodopeia, come nel latino Rhodopeius, Rhodopeia, et Rhodopeium.
908 1909 3210 1984 si scrive. et secondo dice Herodoto il Monte Rhodope, è nel mezzo del Monte Nemo in Thracia.
824 1959 3472 2091 RHODIORI, so detti à Rhodano, et, ΡΟΔΑΝΟΣ, ch'è fiume della Gallia rapidissimo detto Rhodano da Rhoda
954 2064 3436 2194 colonia di Rhodioti che vi fuedificata, di cui parla Plinio nellibro terzo al capo quarto. Egli
944 2166 3438 2276 nasce nell'Alpi Raetiche, cio, è dei Raeti popoli Alpinei: non guarì lontano al fonte del Rheno.
934 2262 3470 2375 et irriga per Lamano Lago, et d'indi verso occidente perla Gallia corre nell'Arar' presso di,
934 2368 3470 2469 Lugduno, ò vogliamo dire Leone citta, et di quivi volgendosi à Meridie, mette nel Druentia, et
942 2454 3440 2563 Isara, et poscia ad Heraclea con una foce sola nel Mare Massaliotico versa le sue acque.
950 2552 3420 2674 cu è nel Mare di Marseglia, di esso parla Lucano nellibro quarto quando dice — HOS CAMPOS
936 2646 3436 2758 RHENVS INVNDAT. HOS RHODANVS. Come è detto piùdisopra nella Voce Rhodano, che da esso
920 2728 1866 2805 sono detti i populi celti: et Narbonesi.
790 2811 3138 2902 RHODOGUNE, fu luogo nella Persia detto da Rhodogune figliola di Dario. secondo referi Quadrato.
830 2897 3524 2994 RHODOPHANE, ΡΟΔΩΦΑΝΗ, fu detta una parte della Syria, posta verso il transito del Tauro Monte, secondo Ptoleameo.
904 3044 3452 3181 RHODOS, et Rhodi, i greci parimente ΡΟΔΟΣ, è citta et Isola nobilissima nel Mare Carpathio.
946 3158 3484 3295 adiacente alla caria di cento trenta miglia di circuito. che pria fu detta Ophiusa. Aste¬
956 3256 3460 3411 ria, Aethraea. da essa la città fù detta Rhodo dall'ultimo nome tratto da una fanciulla.
958 3356 3420 3499 amata da Apolline Rhodia chiamata, di cui favola Diodoro Siculo nellibro sesto, et dice
944 3474 3440 3615 esser detta dale Rhose ove furono ritrovate. Fu sacrata al sole. et la citta sua principale fù
944 3567 3486 3736 essa Rhodo, la seconda fù Camyro la terza Lalyso. dotata di tante opere de imagini colosse
940 3649 3434 3828 sacrate al sole. et di un'porto doppio ammirabile, da potere nervi copia di Navi, sostenne
928 3762 3454 3922 anticamente anchora l'imperio del mare. et pati gravissime incursioni de pyrati. fu annume
924 3884 2945 3992 rata la terza isola degna nelle cose Asiatiche. per cio che Lesbo, et Cypro
2890 3910 3026 3951 sebene
2945 3959 3468 4017 sono maggiori di
936 3998 1063 4035 essa
1024 3938 1796 3991 non l'avanzano di fama illustre per
1063 3999 2871 4097 che secondo scrive Solino Polylistore, che intutto l'anno non sitrova
2876 4011 3020 4051 pure un
2871 4061 3424 4118 giorno che sia tanto
928 4066 3458 4249 occupato dalle nuve, che essa venghi privata dala luce del sole: per che ogni giorno il vede. Onde
936 4176 3474 4349 Horatio disse CLARA RHODO, nelllibro primo deli carmi, come havemo detto nelle cose della Vil¬
892 4284 3436 4435 la Horatiana Tiburtina. Hora da Rhodo, si dice Rhodioti, et, ΡΟΔΙΟΙ, et Rhodia, et quando fù
896 4382 3472 4524 detta Aethraea, si dicevano Aethraci, ò vero, ΑΙΘΡΑΙΟΙ, i popoli. Scrivonla i latini Rhodium, et i
900 4470 3043 4608 Greci ΡΟΔΙΟΝ. et Cicerone la lauda dall'essere ogni di veduta chiara dal sali naturalmente
2924 4498 3064 4564 et percio
3043 4546 3480 4608 . Veneravano gli Rho¬
904 4552 3474 4712 dioti il sole, et nelli suoi Nummi si vede con la testa Radiata, et conlo fiore di Clytia, che sempre si volge ad
864 4640 2800 4770 esso amato sole: incui fu trasformata una bella fanciulla; cosi chiamata.
