3800 5255
3153 222 3242 277 17
3261 296 3348 348 14
1374 266 1442 333 DI RAVENNA
536 382 3172 535 Vedesi anchora nella piazza di Ravenna, una Base quadrata di marmo antica, da tutti quattro i lati sono scritti, et intaglia¬
572 484 3148 617 ti alcuni simboli: come havemo disegnato. La quale memoria fù nel porto della classa Ravennatia, al vico chiamato
588 572 3120 699 dall'Anciporto nella Regione Herculana. et trasportata in Ravenna da Hieroymo Donato presidente di Ravenna,
572 674 3132 803 come egli dice nella sua dichiaratione fatta in la istessa Base. Incui sono duoi simboli della nostra vita finti
588 776 3136 895 inquei duoi animali, il lepere et il cane: che ne rappresentano la vigilanza et la Timorosità. La Vigilantia
560 888 3142 1007 perlo cane che rode la canna ò sferza, il Timore il Lepere aguaitato. questi sono duoi affetti invita per
570 1016 3168 1113 timore della Morte, et dell'assalti che occorreno. Per che il lepere posto ò per impresa ò per insegna. et perlo Ti¬
574 1136 3172 1223 more: per una certa paura et sospetto il lepre parchè vi natura dorma sempre conglio cchi aperti et volentiera
576 1232 3156 1327 va di notte. per non essere offeso, non dimeno nonsi salva sempre perli tradimenti del cacciatore. Perlo cane
560 1340 3176 1433 si rappresenta la guardia la vendetta, l'ascolta et la Vigilanza, onde egli si mangia la spherza. Egli opera co¬
570 1454 3168 1539 me fà il tempo, che reca le percosse, et le lusenghe, et le divora. Cosi fà il cane, che riceve delle percosse, et le lusenghe lo
544 1572 3180 1651 fa piacevole al suo padrone, et se trova il coriato di pelle ò di nervo selo rode et mangia, si nudrisse del suo stimolo. Cosi
552 1676 3196 1763 etiandio aviene inquesta vita nell'occasione, che ne reca cose piacevoli e delle gravi et moleste, et delle logubre, et fa¬
550 1794 3176 1867 stidiose, et venimo dall'occasione anchora liberati: col recarne cose piacevoli: et gioconde, et alfine di queste, ne reca un
566 1904 3152 1973 contrario, con l'assalti accidentali, ò ci da qual che piacere e riposo, ò ci assalta con asprezze, con percosse. onde ci fa
534 2010 3140 2077 stare suspesi, et Vigilanti et in timore, come teme della sferza il cane. Onde in nostra sorte ò fato non senza livo¬
542 2116 3164 2191 re ricevuto ne senza percosse potemo liberarce dalla molestia che ne sferza. stamo in questa vita co¬
554 2226 3118 2309 me sta il timore del lepere, colli assalti del cane, cosi ci figura esso animale da perse. Per cio che il
550 2340 3124 2411 lepre è paventoso, ò si ferma ò fugge per timore, et s'appiatta per non essere veduto, et per fuggire la
560 2444 3110 2517 Morte, che'è tanto certa, et ogni animale la conoscie. Onde gli antichi ammuniendo gli huomini
550 2546 3108 2625 moralmente contali simboli, gli chiama ad'essere forti, virtuosi, nelle cose prudenti, con la constantia et
558 2646 3124 2725 pudore vincere con ogni alacrità, vincere et superare il vitio, il Timore, et conoscere la ira baila dela
558 2740 3122 2839 pazzia, perciò che contro la morte, non vale vendetta alcuna. Perciò che solo la Virtù vince la
546 2856 3146 2929 Morte, et la Fortezza et pacienza nel benesenVita, cacciano ogni male. et tanto è Morte quanto lhuo¬
550 2952 3114 3035 mo cerchi, icerchi cose imperfette, et tanto è la vita quanto che'l huomo per virtu si fa immortale
550 3056 3110 3129 che glorifica l'anima et il corpo per gloriosa Vittoria et Fama. et questo vince la Morte nel buono effetto
558 3156 3128 3243 quanto in esso si cerca il bene, per uno buono et ultimo fine, come dicevano i gentili, nella philosophia,
554 3250 3124 3347 di Solone di Socrate, et di Platone, et come meglio ciha' mostrato nella passione del nostro Redempto¬
574 3354 3134 3463 re, i suoi santi Theologi, nelli Santi Theoremmati. Ordunque questo si vede inquanto faccie d'una Base
2762 3476 3096 3545 requadrata.⁓
584 3639 1008 3711 Q•VENERIVS
588 3695 1024 3771 Q•F•QVIR•FESTVS•
604 3765 1018 3836 VIX•ANN•XVII
616 3821 1036 3890 MENS•XI•DIEBVS•II
596 3881 1024 3940 Q•VENERIVS•Q•F
596 3935 1022 4013 QVIR•MANLIVS
596 4005 1018 4078 ACHACVS•FRATER
584 4073 1032 4138 ET•OP•LIB•PRISCILLA
678 4141 901 4201 HEREDES•
685 4093 744 4147 SIC
901 4155 990 4203 FEC
1170 3657 1586 3715 HIERONYMVS•DO
1186 3715 1514 3769 NATVS•PRAES
1190 3775 1598 3827 HERCVLIS HORARII•RE
1166 3832 1590 3885 LIQVIA•EX•HERCVLANAE
1170 3892 1590 3938 REGIONIS•ANCIPORTVS
1163 3929 1602 4004 IN•FOROTRANSTVLIT•RA
1178 4001 1586 4048 VENNATIVM•ANTIQVITATI
1314 4055 1402 4102 D D
1742 3678 2124 3755 SOTERICVS
2252 3694 2628 3771 Q•VENERIVS
