3800 5255
900 423 3200 510 RIPA ALTA, è città nella Britannia Isola secondo Ptolemaeo. da cui Ripa alto dunensi, et Ripalteduni.
884 811 3280 900 RIPARA, FIDERATA, ò vero Ripara Foederatorum, è citta della Baetica, come vuole Plinio nellibro terzo.
908 1173 3478 1258 RISADIRA, et Risadir, è nome del Porto nella Mauretania sulla Marina dell'oceano, nominato da Plinio, del quale, è
934 1283 1756 1346 detto più oltre, inla parola Risadir.
914 1541 3490 1622 RICCIA, l'Ariccia, Rizza, sono voci volgari, prese . perlo antico nome dell'Aricia città antichissima, nella Via Appia, asedici
944 1619 3002 1706 miglia discosto da Roma, da cui sono celebrati i porri Aricini. et la Diana Aricina, et Hippolyto Virbio.
924 1707 3482 1816 RIEDLINGA, è città dell'Alemagna inla Svevia, che gliantichi chiamavano Taroduno, ò Tarodunum, et, ΤΑΡΩΔΟΥΝΟΝ.
908 2185 3504 2278 RIETE, Rieti, è citta della Sabinia, ò Savina Regione d'Italia quarantamiglia discosto da Roma, laquale gli antichi chi
968 2287 2432 2360 marono Reate; et Reatini i populi, et nell'uso moderno Rietini.
898 2371 3540 2458 RIMINO, RIMINI, è città della Gallia Togata presso all'Adriatico golfo, dicevasi dall'antichi Arimino, ò Ariminum, ΑΡΙΜΙΝΟΝ
962 2483 1778 2540 come è detto al leggitimo suo luogo.
944 2553 3548 2636 RICCHEZZA, ò vero Opulentia come l'antichi chiamavano, si dipigneva naturalmente et poeticamente
972 2653 3546 2718 simile alla Matre Terra, fiera et benigna Matre. perche perle sue cose è benigna che reca per agiuto.
970 2739 3530 2804 et ognicosa inse gli ritorna et per morte le muta et asse le volgie. Cosi dunque invita agiuta et da
970 2819 3538 2898 le sostanze in morte. Le cambia, et devora: Per questo dunque ella è una gran' Donna, di vestimenti or
974 2895 3550 2988 nata come, è ornato un'verde et fiorito prato, con la Testa coronata di Torrioni; per simbulo della Ter
966 2979 3526 3070 ra habitata, et incima de suoi Merli sono stelle che mostrano il celeste agiuto: da una mano tiene il corno
962 3065 3538 3138 pieno delle ricchiezze delle frugie, et de metalli et della gemme preciosi, che produce. et Tiene dall'altra
968 3145 3522 3212 mano l'Aratro. Come la sculpirono nella Medaglia del grande Augusto. et appiedi ha lo suo simbulo del
946 3231 3540 3290 animale, cio è della Myrmeca Aethiopica et Indiana, che altramente si dice formica: Per che figura la fa
954 3307 3526 3382 tica humana che coll Arare et cultivare cerca di cogliere il frutto, et i grani d'oro. perciò che come dicono
950 3383 3522 3462 Solino Poly histore, et Luciano, et Plinio. Le formiche Indiane et Aethiopiche verso lo paese orientale Aethiopico
980 3457 3540 3536 voltato all'India vi nascono grandi di forma canina, che cavano fuori della Terra i grani dell'oro et l'aurea
952 3539 3570 3622 arena. A' questa opulentia ò ricchezze Pausania gli da come padrona il fanciullo Zoppo et cieco chiamato plu¬
964 3628 3536 3704 to conla Mascara d'oro, in mano et gli giace inseno ò allato. Onde Aristophane figne questo Iddio della ricchez¬
968 3696 3532 3768 ze cieco et di debele complessione, per che la ricchezza fatta accaso è cieca et non dura, ne è secondo i meriti . Et Lu¬
980 3778 3556 3830 ciano la figne una Donna Zoppa conle ali et la Maschera d'oro, che mostra all'Avaro Zappatore il Thesoro sepulto sot¬
980 3828 2044 3878 terra. Come lo mostro à Tigone Meisanthropo.
992 3851 3548 3933 RICIA, è nome di Fameglia Romana, cosi scritta senza la .I. primieramente doppo la erre,
1032 3921 3492 4020 di cui havemo veduto menzione in duoi epitaphij: l'uno come è posto nel capo della Fameglia
1014 4017 3538 4110 Marcia. L'altro è questo dellhuomini della Tribù Crustamina. Trovato nella Via Numentana cinta
1010 4128 1486 4188 al casale di pacci.
1553 4148 2009 4207 DIS•MANIBVS
1458 4221 2100 4265 L•RICIVS•L•F•CRVS•AVIENVS
1464 4269 2122 4319 EQV•PVBL•ET•M•RICIVS•L•F
1454 4323 2106 4370 CRVS•SABINVS•FECERVNT
1472 4385 2120 4418 NOMINE•RICIAE AVIENAE
1636 4430 1946 4466 ARBITRATV
1476 4469 2118 4514 ET•SIBI•ET•SVIS•LIBERIS
1598 4523 2012 4559 MONVMENTVM•
1822 4572 1986 4606 H•AGRO
1466 4598 2120 4644 TERMINI•VERVNT•LAT•P•XV
1616 4650 2092 4706 LONG•PED•XXIV•
