3800 5255
3043 233 3116 283 9
3189 248 3269 304 6
472 401 2858 467 RAGA, i greci ΡΑΓΑ, è citta nella Media Regione, donde i Medi popoli chiamano il citta¬
508 479 2840 559 dino Ragòs, et Ragios, alcuni scrivono Rhaga per .H. co ene Rhagae la regione, ma i greci
520 563 2854 647 ΡΑΓΑΙ, et ΡΑΓΗΝΟΣ talvolta, come da Rearos, ΡΑΡΡΙΝΟΣ: Fu acquisto di Selucho Nicatore,
520 649 2856 743 et pria chiamata Praga, et mutata la .P. nell'.R. fu fatta Raga. fu occupata da Arsace
524 743 2854 829 Re di Media lo quale era Eunuco et hebbe volutta di Regnare, et allhora si diceria Eu¬
524 815 2822 919 yopos, et egli la chiamò Arsace, et Arsacia, ò ΑΡΣΑΚΗ da esso Arsaco Re di Persi. Raga
524 903 2850 1005 anchora è Isola della Licia, detta da Rax, et lhabitatore di qui si dice Ragios, et il cittadino
524 1005 1984 1099 Ragenos, cio è ΡΑΤΗΝΟΣ, et ΡΑΤΙΟΣ. come dice Stephano.
480 1073 3018 1175 RAGUSI, Ragusta, et Ragugia, è città cosi detta dal vulgo, che gia si diceva Epidauro. Come è detto in Rhagusa.
460 1156 2868 1260 RAFEI, è voce moderna presa perlo porto dell Achaia verso l'Arcipelago, che anticamente si diceva,
528 1275 890 1327 porto panormo.
462 1331 2276 1409 RAIGNY, è citta et Porto di Provenza, è di Liguria, che gia si diceva Antipoli
488 1410 2920 1465 RAMA è citta della Suria, che si diceva dall'antichi Lydda et Diospoli. Et Ramà, è citta della palestina in
2702 1468 2878 1519 Iudaea
492 1471 1962 1531 RAMIDAVA, è citta della Dacia, secondo scrive ptolemaeo.
476 1520 2570 1604 RAMNETE, ò Ramnetes, era una quarta parte del popolo Romano nel tempo di Romolo
472 1611 2926 1675 RAMNENSI, ò Ramnenses è la medesimo parte de Romani et Tribu. La quale Titolivio chiama cosi
498 1681 1206 1737 RAMNETES. nel primo libro
