3800 5255
3253 185 3368 287 63
3003 246 3134 421 60
375 283 2895 432 Vedesi dala pianta istessa del fonte Lolliano, come gli antichi edificavano gli edificij Fonti
400 436 2859 514 nali et gli antri, quasi à similitudine, di Tempij, accio che fussero come luoghi.
405 514 2897 608 reveriti et appropriati alla Deita dell'Acque, dele Nymphe, et di Venere et dell'altre
397 588 2894 747 Lymphe,à quali gliantichi diedono l'occulta Deita di quella proprietà profonda del
407 670 2864 796 acque, alla quale sacrificavano et facevano la Festa Fontinale. Et da principio li
380 756 2891 911 facevano suli passi del Tevere, sull'Almone fuori della porta Capena, chiamata Ma
392 875 2864 976 dida capena come dice Varrone dala copia di fonti, quasi molla et bagnata. Dipo i
378 926 2930 1052 havendo l'acque dedutte per forza di stupende anzi miracolose fabriche, in ogni casaera
390 1035 2904 1148 un luogho bello edificato alla medesimo deita, come hovemo osservato nelle cavationi.
387 1126 2926 1271 delle antiche rovine dove havemo visti i Vestiggi di essi luoghi, di bella maniera come
386 1259 2874 1366 posti, come era sul Quirinale nella casa Fluvia, nella Quintiana, nella corneliava
385 1336 2898 1446 et sul palatino la scauriana deli quattro scauri: nel Monte Aventino unaltra della
381 1439 2913 1575 medesimo fameglia, et infiniti altri luoghi. Ora Io profilo di questa facciata, è di quel
364 1506 1796 1675 la parte segnata•A, di opera rustica et di Tivertino.
515 4159 1394 4239 Iltutto porta colle oncie piedi .40.
1596 2524 1700 2786 Piedi •9•
1748 4010 1813 4069 06
1839 3969 2046 4051 Piedi •4•
1967 3614 2067 3919 Piedi •8 •¼
2049 3943 2146 4072 ...
2223 2578 2359 2677 P•2•¼
2174 3918 2296 4020 Pi 2
2129 4098 2344 4215 •P•2•¼
2486 2372 2590 2621 Piedi •7•
2538 3546 2619 3761 Piedi •8•
2496 3811 2666 3899 Piedi 4•
2487 4000 2633 4074 P•5•
2589 2554 2675 2644 P 4
2786 2568 2857 2648 P 2
2727 3003 2831 3235 P 2•÷
2760 3705 2835 4079 Piedi 10 ...
