3800 5255
2921 197 3117 251 44
3120 282 3264 336 41
428 389 2890 483 cio adire nel principio dellibro quarto, porgendo se alle cose piu antiche gia dal tempo di Evan¬
456 509 1198 583 dro et poscia à Troiani phrygij.
1232 499 2726 583 HOC QVOD CVNQVE VIDES HOSPES QVAM MAXIMA ROMA EST,
1278 615 2586 693 ANTE PHRYGEM AENEAM COLLIS ET HERBA EVIT.
1232 730 2556 801 ATQVE VBI NAVALI STANT SACRA PALATIA PHOEBO,
1274 818 2344 889 EVANDRI PROFVGAE CONCVBVERE BOVES.
1224 939 2472 1017 FICTILIBVS CREVERE DEIS AC AVREA TEMPLA.
1272 1038 2448 1115 NON FVIT OBPRO BRIO FACTA SINE ARTE CASA,
1230 1138 2490 1219 TARPEIVSQVE PATER NVDA DE RVPE TONABAT,
1264 1238 2364 1315 ET TIBERIS NOSTRIS ADVENA BOBVS ERAT.
1222 1341 2646 1425 QVO GRADIBVS DOMVS ISTA REMI SE SVBSTVLIT OLIM,
1262 1449 2484 1525 VNVS ERAT FRATRVM MAXIMA REGNA FOCVS.
1210 1555 2580 1637 CVRIA PRAETEXTO QVAE NVNC NITET ALTA SENATV,
1242 1661 2414 1739 PELLITOS HABVIT RVSTICA CORDA PATRES.
1188 1776 2464 1859 BVCCINA COGEBAT PRISCOS ADVERBA QVIRITES.
1252 1878 2444 1957 CENTVM ILLI IN PRATO SAEPE SENATVS ERAT,
1192 1979 2484 2063 NEC SINVOSA CAVO PENDEBANT VELA THEATHRO.
1254 2081 2324 2161 PVLPITA SOLEMNIS NON OLVERE CROCO.
392 2285 2928 2371 finalmente ne viene oltre alle sudette cose adire dell'altre alproposito che dove fu allevato Romo
436 2383 2944 2473 lo et Remo era pascolo di Buoi, et laudando la lupa che quivi le diede il latte la chiama lupa Mar
440 2485 1084 2557 tiale et ottima nodrice.
1170 2487 2638 2567 VERTITE EQVVM DANAI MALE VINCITIS, ILIA TELLVS
1230 2613 2504 2687 VIVET, ET HVIC CINERI IVPPITER ARMA DABIT.
1162 2719 2596 2795 OPTIMA NVTRICVM NOSTRIS LVPA MARTIA REBVS,
1216 2829 2384 2905 QVALIA CREVERVNT MOENIA LACTE TVO.
366 2943 2920 3014 Della medesimo oppenione furono Anaxilao et Theompompo, che per obito et odito accennarono cio nella loro
366 3027 2892 3132 historia comparando Cyro allattato tra pastori da una cagna et Romolo dala lupa. et parimente Hyeronymo
364 3115 2908 3241 Cardiano, et Timeo Siciliano, Antigono, polybio, Solino, che scrissero prima le historie Romane per
366 3203 2898 3350 o dita: i quali poco ò niente narrarono di quel che viddeno. Quinto Fabio, Lucio Cincio, Terentio
382 3308 2898 3430 Varrone, affermarono il medesimo che scrissero la piu parte delle cose Romane di veduta. Et Diony¬
362 3402 2104 3478 sio Alicarnasseo, che negli anni della centesimo ottantesimo settima
2046 3404 2258 3438 olympiade
2104 3445 2874 3501 sottol principato del grande
374 3481 2898 3595 Augusto al fine della guerra civile era in Roma et imparo la lingua Romana, perscrivere nella sua
390 3587 2886 3691 lingua ai Greci cio che i Romani haveano notato: venti duoi anni doppo il fine dessa guerra civile,
366 3695 2910 3803 pratticando le cose de Romane, scrisse la historia d'esso imperio, havendo cavato da porcio Catone,
378 3795 2894 3907 da Fabio Maximo, da Valerio Antiate, da Caio Sempronio, da Licinio Magro da Aulo Gellio, et da
370 3897 2870 4017 Calpurnio Pisone, e tcominciando egli dal principio delle cose d'Italia, scrisse nel primo le cose piu
366 3994 2902 4127 favolose per insino al principio delle cose chiare, et poscia seguitando narrò insino ai tempi suoi
364 4086 2906 4233 finita la Republica, et entrata nelle cose dell'Augustali leggi. et referi queste cose infra scritte contale
354 4195 2882 4345 oppenioni delli varij eventi di Roma, li quali succintamente, à coroboratione di cio che è sudetto si co¬
