3800 5255
3013 230 3174 287 37
3167 298 3285 348 34
442 430 2954 563 RHODUNTIA, ò pure, ΡΟΔΟΥΝΤΙΑ, è Regione, nella Gallia Lugdunense sul Rhodano
492 528 2924 695 da cui si dicono Rhoduntij et Roduntio, nel singulare, onde i greci dicono ΡΟΔΟΥΤΙΟΣ,
498 650 920 733 et ΡΟΔΟΥΝΤΙΟΝ,
472 1006 2998 1089 RHODUSSA, ò , ΡΟΔΟΥΣΣΑ, è citta Arguia, nell'Argolide, donde il cittadino s'appella Ro¬
526 1112 2966 1185 dusto, òvero ΡΟΔΟΥΣΣΙΟΣ, come ΠΙΤΥΟΥΣΣΙΟΣ, et ancho ΡΟΔΟΥΣΑΙΟΣ. Onde alla cui imita¬
526 1208 3004 1283 tione potemo dire Rhodusio et Rhodusaeo, come da pityussa pityussaeo et pityussio.
516 1948 3072 2047 RHOEBUSIANUM, è nome della Villa di Raebusio liberto di Claudio, ch'era nel laurentino paese
552 2056 3084 2149 latino cerca al Mare Tyrrheno: ove adi nostri sono state trovate molte statue rotte et in manera
576 2152 3024 2237 rovinate, che appena si conoscevano, essere di Iove, di Neptuno,et delle Nymphe marine acca¬
562 2234 3010 2321 vallo sui Delphini et suli Gryphi marini. Roebo, ò vero ΡΟΙΒΙΟΣ, è nome del cavallo che
576 2340 3000 2421 havea Mazentio. Come si trova presso di Virgilio nel decimo dell'Aeneide, dove comincia cosi à
584 2437 3014 2516 dire d'esso Re crudele di Thoscana: RHOEBE DIV, RES SI QVA DIV MORTALIBVS VLLA EST,
576 2519 2984 2616 VIXIMVS et cetera. Lo quale Re combattendo contra Aenea fù in questo paese laurentino, chia¬
572 2612 3012 2719 mato in Aiuto da Turno. et alcuni pensano che esso libertino prendesse il nome da esso Rhoebo, cavallo
576 2700 3072 2831 sendo nato dali servi di Claudio imperatore, per essere curatore dell'Armenti dei cavalli dell'imperatore, et
568 2795 3056 2922 liberto: ma noi non crediamo, che da Rhoebo cavallo venisse: ma dal nome proprio di Rhoebuscio.
574 2887 3072 3018 Che puote derivare da Rhoebe, ò Rhoibio, ò pure da ΡΟΙΑ, ò ΡΟΙΑΣ, che suona Volutabrum Equo¬
566 2991 3064 3125 rum: la qual voce Virgilio Uso nel terzo della Georgica dicendo, SAEPE VOLVTABRIS PVLSOS SELVESTRI¬
562 3073 3068 3207 RVS, APROS LATRATV TVRBABIS AGENS. Per cio che chi cura gli armenti per luoghi aspriet pia
576 3168 1466 3263 cevoli va volgendo i suoi animali.
336 3248 3068 3361 RHOETIO, RHOETIVM, ò vero, ΡΟΙΤΕΙΟΝ, è nome di Monte nel Troade aspro et nome di citta nel medesimo, dalla
576 3366 3062 3459 quale Stephano dice il nome del cittadino Rhoetiense, ò pure, ΡΟΙΤΕΙΕΥΣ, et si dice ΡΟΙΤΕΙΑΣ, et ΡΟΙΤΙΣ
592 3476 2476 3553 la femina. Et Rhoetio, è nome di monte nell'Isola di Corsica, secondo Ptolemaeo.
388 3567 3158 3629 RHOETII, sono stati detti, i Marrubiori populi d'Italia, da Rhoeto Re di Marubiori istessi, nominato da Virgilio nel quinto dell'
582 3638 796 3687 Aeneide.
540 3669 3116 3759 RHOETIA è citta di Bactri cio è nella Bactriana Regione dell'Asia. et il nome gentile dicono Rhoetiano,
568 3761 3124 3860 overo, ΡΟΙΤΙΑΝΟΣ, come Arienos et Bactriano, allusanza greca ΑΡΙΗΝΟΣ, et ΡΟΙΤΙΑΝΟΣ, et ΒΑΚΤΡΙΑ¬
564 3872 1226 3949 ΝΟΣ. Come piace à Stephano.
510 4108 3168 4173 RHOETEVM, Rhoeteo et, ΡΟΙΤΕΙΟΝ, è promontorio et citta, ò vero oppido nel Troade, ove fu il sepul¬
550 4213 893 4256 cho di Aiace
928 4172 1092 4210 ...
893 4202 3110 4254 celebrato, come quello di Achille nel si geo promontorio Troadense. Da questo è ancho
556 4270 3120 4344 detto il Rhoetio litto. di cui Virgilio nel sesto dell'Aeneide, TUNC EGOMET TVMVLVM RHOETEO IN
568 4342 3174 4427 LITTORE INANEM/ CONSTITVI• Fanne menzione Dyte Cretense nellibro quinto dela Iliade. et dice che fu ope¬
542 4422 3104 4504 ra di Pyrrho Neoptilemo edificato et consecrato il corpo arso nell'olla il loco dentro del Tumulo. Lo quale fortissimo
544 4508 3088 4588 Aiace Telamonio s'uccise, per non piu servire in quella guerra à Greci, lo quale era doppo Achille il secondo di
552 4609 3112 4680 valore, et schermito dall'insidie d'Ulysse, che gli tolse prima l'arme d'Achille, et poscia quel palladio, cose che
542 4704 3180 4766 meritevolmente le doveano dare alui, s'ammazzo. Dicesi Rhoetea littorale maremma. onde Lucano: ET PRIMA
536 4771 1052 4832 RHOETEIA LITTORA.
