3800 5255
2988 210 3164 274 28
3124 304 3232 368 25
428 346 3050 482 RECANATI, è città nella Marca Anconitana del piceno Regione de italia posta quattro miglia discosto dal
468 428 3026 554 Mare, et fu detta dall'antichi Ricina, et Ricinetum, altri Recatinum: ma il suo dritto è Ricina et
488 522 3052 642 Recinna, et Recinate, onde il vulgo ha fatto Recanati: Dicevasi ultimamente Ricina per la .I. come è
484 606 1908 718 posto piu oltre nell'ultima sua et bona significatione.⁓
444 938 3080 1048 REDICULI, è stato detto il Vico, et il Fano in Roma, posto nella via Appia fuori della porta Capena, del
506 1018 3060 1142 quale è detta la cagione nelli Vici nelterzo libro: et è questo luogo notabilissimo, perla sepultura de corvo
498 1110 3044 1240 eloquentissimo Augello: et perche Hannibale finqui scorse, nel tempo che voleva assaltar Roma dallato della
510 1202 2654 1316 porta Capena dove fu fatto il Fano Ricuculo, per che in questo assalto fu udito un gran riso.
476 1403 3104 1545 REDINTOVINO, Redintovinum, ΡΕΔΙΝΤΟΟΥΙΝΟΝ, è citta nella Germania nominata da Ptolemaeo, dacui
500 1472 1130 1527 Redintovinensi i populi.
510 2032 2912 2148 REDICO, è città della Numidia provincia dell'Africa chell'antichi chiamarono Ara di Neptuno.
442 2708 3006 2810 REGIA, è città nella Boetica Regione, nel convento de Gaditani, secondo Ptolemaeo nel buonotesto, et
492 2788 3006 2912 scrivere Plinio nel terzo libro al primo capo. et il vulgo l'appella Vaena. il nome gentile Regiense
474 3288 2640 3368 REGIANO, Regianum, ΡΗΓΙΑΝΟΝ, e della Mysia inferiore citta, secondo Ptoleameo.
496 3642 3052 3762 REGIA, Regias, ΡΗΓΙΑΣ, è citta della Syria nella parte intutalata Cyristica, come la mette Ptole
568 3714 1570 3792 mea: dalla quale Regiasij. et Regisij.
474 4210 3042 4340 REGGIO, cosi scritto dal vulgo, si prende perla citta Rhegio Iulia, nelli Brutij populi d'Italia posta
516 4291 3000 4407 sul Freto come dice Strabone, et come è detto alsuo luogo leggitimo. Regio anchora, et Reggio è città
512 4367 3048 4491 che se scrive senza spiratione citta Lepida Aemilia, posta nella Lombardia, ò Gallia Togata d'Italia.
