3800 5255
3096 220 3185 273 1
462 213 2794 303 LIBRO. XV̄ĪĪ. DELL'ANTICHITÀ DI PYRRHO LIGORIO, PATRITIO NEAPOLITANO ET
626 299 2762 389 CITTADINO ROMANO, NEL QUALE SI CONTIENE, SECONDO L'ORDINE DATO PER
858 403 2522 475 ALPHABETO, DE TUTTE LE COSE PIÙ ILLUSTRE, DE LUOGHI
970 500 2326 593 DE MONTI, FIUMI, VALLI, MARI ET DELLE CITTÀ
1116 606 2080 695 ET DEGLI HUOMINI DI LAUDE DEGNI
464 693 3004 809 Havendo sinqui passato il tempo homai nelle fatiche passate, che tanto dilettano nell'humanavita alli studiosi,
484 799 3058 892 sendo gionto alluogo dei nomi, che passati sono sotto aspre voci, per cagione della erre, lo quale carattere, quan¬
488 891 3054 1004 tunque pare, che porti seco asprezza, è stata necessaria nel scrivere, di raddoppiarla, et accompagnarla, come han¬
480 995 3062 1113 no fatto gli antichi nostri, et i latini et i greci, e quali anchora, più tosto vi hanno aggiunti accenti, et diphton¬
466 1089 3042 1218 ghi, che lhabbino voluto diminuire dell'asprezze delle voci, anzi molte volte nel raddoppiare le erre, vi hanno
472 1189 3074 1308 sogionti delle spirationi, et cosi lhanno variate le parole secondo le lingue, et secondo il tuono de luoghi, et delle
492 1281 3028 1411 voci, che fanno il suono hor longo et hor breve, hor sommesso, ò grave, ò acuto, secondo il sentimento l'hanno,
488 1385 3078 1511 confermato et rappresentato, come hanno fatto et i Grammatichi, et gli historici et i poeti, che molte et va¬
488 1484 3070 1613 rie et anzi infiniti nomi proprio hanno scritti con somma osservanza, et intelligenza, et hanno accommo¬
480 1580 3066 1715 date le loro frasi, tanto nell'Heroici concetti come nelle prose che trattarono con piano stile, i gesti de mol¬
496 1689 3072 1813 ti laudati et degni huomini. La onde noi senza altro timore ò paura, liberamente l'havemo poste et accettate,
514 1787 3054 1905 et comprese per quel che sono sempre state in ogni lingua osservate, ò con dolce ò con più aspro modo, nel'
496 1886 3090 2007 medesimo stile lhavemo scritte et imitate, accioche faccino lume et chiarore alle trasformationi, et traportationi
504 1986 3046 2091 di quelle voce che sono state traportate nelle lingua vulgare, e in quella megliore suono, che s'ha potuto
492 2092 3086 2197 assimigliare, accio che il significato loro vi sia conosciuto. et doppo questo, vi havemo poste le voci affatto alie¬
488 2188 3110 2291 ne et trasportate, in ogni altro modo che recano oscurita, coperte dalla moderna tenebre, et invenzione, ac¬
474 2299 3082 2393 cio che l'antico, col moderno concorrino in un'tempo alla chiarezza loro, per che la facella ardente dellume
492 2393 3094 2485 della verita scuopri la mente et le cose oscurate et le tolga dall'oblivione, et dal tristo ò rio colpo della cieca
458 2501 3072 2595 fortuna, che ogni cosa cuopre conla ignoranza tirata dal tempo ogni cosa muta et cuopre sotto gli anni, et
460 2632 3086 2686 sotto della morte, senza interrompimento di longezza, interrompedo le cose de mortali, che tirano atterra tan¬
476 2750 1166 2798 to le maggiori, come quelle
1154 2694 1278 2739 che sono
1166 2727 3062 2793 minori: parche vi gittano sopra un certo velo di oscura nebia, et con essa sem
476 2809 3058 2915 pre variando, van commutando, i nomi et le forme; come fanno quelli che corrompono quel chevuole l'arte
472 2921 3072 3017 et la realità della natura dele cose piu rette, et piu limate; che ne porta la buona ragione, et le trasporta fuo
460 3019 3052 3127 ri del vago intelletto ,e nella rozzezza cagione le mette sepulte, ò con dolce, ò con strano modo, molte volte ac¬
480 3135 3030 3243 commodandosi, le sciogleno et l'allontanano dalla propria analogia: laonde noi accioche non venghino affatto
472 3243 3046 3345 à farsi sepulte nelle tenebre, havemo raccolte l'antiche et le moderne in questo breve volume aciò
456 3351 2666 3447 che insieme paragonandosi si conoscano, come fa nel parangone l'oro puro dall'altri metalli.
426 3465 3022 3553 RABAEI, et Rabbaei, con una et con due .B. scritti sono Popoli della Ionia, che habitano nellito del Ionio
454 3575 3070 3659 Golfo, dove haveano la sua Metropoli chiamata Raba come scrive Stephano: et secondo si trova nelle medaglie essa
480 3673 3082 3775 natione venerava Iove cognominato Rabaesio, et Icetesio, come è scritto in essa, ΡΑΒΑΙΣΙΟΣ ΙΚΕΣΗΣΙΟΣ ΖΕΥΣ.
496 3777 3084 3887 che à noi suona et alli Ionij. Iuppiter Deprecabile, per che Icetesio è tanto, come Iove lo quale offende à chiunche
470 3889 3064 3989 nonlo priega, secondo la oppenione de gentili. Onde, ΙΚΕ ΤΩΣΗΝΑ, si diceva la pregatione e supplicatione et
470 4003 3076 4087 lustratione, et l'expiatione: et, ΙΚΕΤΙΣ, collei ch'era supplicatrice. Lo quale Iove addunque si vede sculpito assiso
464 4115 3064 4203 col fulmine dalla mano destra, et dalla sinistra appoggiato allasta: et appiedi ha l'Aquila sotto al suo seggio, et
472 4221 3068 4301 con duoi vasi l'uno adestra et l'altro à sinistra, i quali penso siano quei due Vasi che dichiara Plutarcho, con
458 4333 3058 4411 dire che Iove ha due grandi Urne, l'una è del bene piena, et l'altra del male. è quella del bene per donarne alli
466 4436 3050 4527 buoni, et quella del male per quegli che sono rei et molesti a mortali et à lui spergiuri et iniqui nell'opere
