3800 5255
3013 154 3120 204 6
3169 219 3250 271 3
430 238 2270 303 RACALINI, sono populi della Sarmatia in Europa, come narra Ptolemaeo.
436 310 2382 375 RACATE, ΡΑΚΑΤΗ, sono campi nella Magna Germania nominati da Ptolemaeo.
212 391 2886 479 RACELO, RACELUS, ò pure ΡΑΚΗΛΟΣ, è città di Macedonia, la quale fu presa per forza da Levino consolo
498 483 2862 541 Romano. da qui si dice Racelius, et Racelio, alla greca ΡΑΚΗΛΙΟΣ. et nella medaglia di Anto
490 583 2886 627 nino pio nel numero del più si trova ΡΑΚΗΛΙΑΝΩΝ, fanne menzione di essa città Stephano.
500 627 1946 675 alcuni la scrivono Rhacelo per la spiratione come è detto più oltre.
438 685 2892 760 RACILIANO, et Racilianvm, fù Villa et agere, di Marco Racilio, nel paese Gabino, ove fu lo suo Monu¬
466 753 2844 835 mento, rente la Via praenestina Gabina, due miglia discosto à Zagarolo Castello dove fù l'antica
478 833 2862 905 Gabio. Della cui fameglia fu Racilio Tribuno della plebe della Clodiana fattione, del quale fa
492 905 1316 959 menzione nell'Epistole Cicerone.
246 991 2858 1071 RACOTE, RACOTES, i greci ΡΑΚΩΤΗΣ, è nome di Vico d'Alexandria, posto sul Ramo del Nilo chiamato
502 1077 2890 1161 del medesimo nome. et d'indi si dice ΡΑΚΩΤΙΤΗΣ. Onde noi dicemo Racotite, alcuni la scrivo
504 1165 2894 1241 no colla spiratione Rhacotes. Altri vogliono che Alexandria città fusse gia appellata Racotes, ò Rhaco¬
528 1255 1042 1319 tes con la spiratione.
448 1451 2906 1553 RACII, sono populi della Pamphylia, altramente scritti Rhacij, con la spiratione detti da Rhacia figliuola
480 1537 2374 1629 di Mantua pamphylica da cui fu detta la pamphylia Racia, et poscia pamplylia.
