3800 5255
3264 102 3379 184 70
3176 145 3312 265 79
3106 264 3238 414 76
984 294 1872 413 CHE COSA SIA FLÁMEO, ET CHE
1038 397 1826 508 Velo sponsuale, et deli Dei dele Nozze
1216 454 1521 545 de Gentili.
465 547 2303 691 In quest'Ara si notà oltre agli vestimenti di cittadini Romani, el che ho mostrato disopra,
2222 515 2516 617 al suo luogho
2309 558 2945 682 cio è dela Togha et dela Tu
522 668 2950 752 nica. Vi è da mostrare alquante cose di più. Primieramente il Velo sponsuale, el quale è quello che porta in testa la Don¬
514 725 2885 806 na segnato .B. il quale era di un corto lino chiamato Carbaso et suttilissimo. Oltre è da dir di quel giovenetto che tiene le due
515 791 2916 888 facelle; qual credo sia Hymeneo Dio delle Nozze. Catullo chiama la veste di tal Dio Flammeo, et dice che la facella era
524 869 2880 968 de pino, oltre dice che portava el socco, che son quei stivaletti ch'egli porta amezza gamba, et lo chiama cultor' de l'
506 939 2934 1029 Monto Elicona et figliuolo di Urania. Ovidio nela Metamorfose dice che Hymeneo era vestito d'una veste di color Cro¬
530 1012 2913 1088 ceo, et haveva le facelle in mano. Martiano Cappella dichiara che Hymeneo fusse figliuolo di Bacco, et di Calliope. Ovidio
520 1080 2919 1195 al fine del nono libro della Metamorfose, recita, che Venus et Iunone, et Hymeneo sono i dei dele nozze. Plutarco ne poble¬
514 1174 2912 1275 mi, vole che cinque dei si pregavano nellj matrimonij nel principio delle nozze Iove Adulto cio è grande, et Iunone adulta,
2426 1234 2910 1358 Venere, Lipore, et Diana
2424 1322 2905 1427 perla prima, et per que
2440 1398 2903 1504 sto dice che cinque facelle
2423 1479 2911 1576 se accendevano nelle nozze
2438 1552 2896 1643 per detti dei. Servio
2419 1617 2919 1722 recita che Hymeneo fù
2428 1697 2910 1810 un'giovan da Athene,
2431 1779 2920 1884 il quale tra le guerre cru
2432 1845 2932 1964 delissime liberò le Vergi¬
2422 1931 2943 2027 ni. Suida dice il con¬
2426 2004 2912 2107 trario, et che Hymeneo
2420 2072 2910 2193 fù gioven di Lidia, forse
2422 2157 2949 2270 in Lidia fù unaltro Hyme¬
2420 2235 2926 2348 neo, Dicono che per esser
2424 2303 2929 2409 amator' della pudicitia, et
2421 2383 2932 2504 paciale de matre monij lo
2421 2464 2931 2580 invocavano nelle nozze,
2428 2547 2932 2651 Pausania vole che' l pri¬
2424 2628 2932 2741 mo, che ordinasse matri¬
2431 2715 2907 2824 monij fu Cecrope, et il
2424 2794 2912 2896 medesimo consente lo in
2429 2872 2910 2968 terprete di Aristophane,
2413 2940 2944 3055 nel Pluto. Catullo nel'
2421 3034 2941 3138 Argonautica cosi comme
2420 3096 2934 3199 mora l'anticho ordinator
2422 3166 2941 3282 de matrimonij. SI•TIBI
2426 3254 2928 3359 NON•CORDI•FVERANT
2423 3328 2946 3442 CONNVBIA•NOSTRA,
2415 3404 2944 3525 SAEVA•QVOD•HORREBUS
2412 3492 2926 3587 PRISCI•PRAECEPTA
552 3534 2954 3671 PARENTIS, ATTAMEN•IN•VESTRAS•POTVISTI•DVCERE•SEDES•QVAE•TIBI•IVCVNDO•FAMVLA¬
552 3654 2908 3746 RER•SERVA•LABORE, Dionysio Alicarnasseo demostra in quel luogho, di oratione Nuptiale al figliuolo cosi li
550 3723 2942 3816 costumi dele nozze, Mi sarebe stato gratissimo non solamente esser stato presente ale tue nozze, ma participe anchora
558 3801 2902 3885 accio che havesse ballato insieme, et giocato, et havesse lodato il matrimonio, et cantato lo Hymeneo, il che è solito
559 3857 2897 3952 farsi nele nozze, da qui si cava le pazzie che ancho usavono ne matrimonij gli antichi. Dicono che per usanza
555 3936 2876 4028 il padre,et la Madre cantavan' nanZi ala porta deli sposi lo Hymeneo. Oltre dice Dionysio, che Giove, et Iunone
553 4000 2895 4108 eran gli dei delle Nozze per che mostrorono al mondo el matrimonio, et per che Giove è padre di tutti, et Iunone
548 4068 2922 4176 si chiama Iuga à congiungendo. Il comentator di Callimacho referisce come la sposa portava à carne gnu¬
554 4147 2880 4265 de la Mitra, la quale era una cintula, che si scignevano le Donne la prima volta quando andavano adormire
545 4232 2890 4336 col marito. Museo de mostra, che nele nozze intervenivano queste cose, si ci ballava, et cantava presso la
553 4302 2915 4415 camera della sposa, ve intervenivano poeti à lo dar i matrimonij, ve intirvenivano faccole, el padre et Ia¬
193 1579 532 1714 Gu. 1115.2.
258 1687 567 1788 in una figura
203 2121 604 2265 fù Nela vigna del S.or
286 2199 626 2313 Gihanbattista Passa¬
279 2269 411 2358 monti
869 1794 957 1853 .B.
879 2889 1355 3026 Q•FVRFANIO•C•F
941 2982 1239 3046 NIGRINO
876 2994 1339 3081 PROC•FABRORVM
902 3055 1345 3135 VIXI•ANN•X̄X̄ĪV•M•V̄ĪĪ
1374 2881 1814 3028 FVRANIAE•FLO
1369 2983 1777 3055 RAE•CONIVGI
1371 3009 1819 3078 SANCTISSIMAE
1373 3056 1824 3137 VIX•ANII•XX̄ĪĪĪ•M•ĪĪĪ•
943 3118 1769 3201 SEX•FVRFANIVS•TYRANNVS
970 3184 1828 3241 HER•FVNER•ET•AR•FECIT•III•IDVS•APRIL•
892 3188 1796 3284 M•AIMILIO•LEPIDO•ĪĪ•ET•MVNATIO•PLANCO•COS
