3800 5255
780 405 3568 530 REGIENSI, sono populi della Gallia Togata, come le nomina plinio Regienses nel buono testo, i quali hanno perla
862 513 2250 614 sua citta Regio Iepida. de cui fa menzione Cicerone.
794 1014 2862 1103 REGIO, Regius, ΡΗΤΙΟΣ, è fiume della Mesopotamia, secondo Ptolemaeo scrive.
800 1388 3564 1515 REGIO LEPIDA, è citta insigne colonia Romana dedutta da Aemilio Lepido situata nella Via Aemilia,
856 1498 3552 1601 dove hodiernamente è celebrata la divotissima chiesa di Santa Eulalia figliuola di pasyphyle di natione
840 1596 3572 1691 di Hispania gloriosa Martyre, che fu Vergine posta in croce come fù fatto à Santo Andrea Apostolo, da paga¬
856 1708 3576 1789 ni martizata. il cui nome significa, illustre, et chiara nel ben parlare, eccelente. La quale fu humilissima, di fer
834 1794 2560 1877 missima Fede et di somma charitate. dedita al sommo et aeterno bene.
