3800 5255
966 414 3306 486 RHAMNO, Rhamnus, i Greci, ΡΑΜΝΟΥΣ è nome di Popolo dela Tribù Aeantide, come scrivono Pausania
998 500 3282 576 et Stephano, di donde colui dela Tribù si dice Rhamnusius, et Rhamnusio, et Rhamnusia la
978 582 3274 662 femina come Rhamnusis, et il nome Topico cio è di colui del luogo ΡΑΜΝΟΥΝΤΟΘΕΝ, et ΡΑΜ¬
986 664 3286 750 ΝΟΥΝΤΑΔΕ la donna, come ancho ΡΑΜΝΟΥΝΤΙ. È Rhamno dunque Municipio dell'
986 748 3332 842 Attica, secondo dicono Strabone, et Suida. dove prima Antiphone fiori nell'eloquen
986 832 3296 926 tia, onde da lui furono detti gli huomini eruditi che nelli proverbij scrissero bel
968 906 3324 1016 le et chiare cose. La onde Rhamnus fu detto lhuomo erudito et dotto. Scrivono alcuni,
966 988 3312 1098 RHAMNVS. per H. per accostarsi all'uso greco ΡΑΜΝΟΠΣ, per li accenti circonflessi ilche
994 1076 3320 1190 è stato trovato da quei che hanno voluto per via di accenti et di punti destinguere la voce,
982 1160 2558 1258 non dimeno, non sene trova contezza alcuna nelle antichita.
946 1256 3326 1356 RHAMNOΣ, presso dela scrittura si chiama ogni peccato, et i greci lo dicano come cosa
966 1350 3306 1438 capace di disastro, invarij casi ricevuti. Da Rhamnus donque, si dice la Fortuna, Rhamnu
956 1437 2534 1498 sia, et Nemesis, dove prima fu dedicata in specie di Venere
2488 1422 2702 1458 et di pallade
2534 1467 3344 1512 col ramo et pomi in mano gestare
952 1506 3342 1614 come piace a Suida. Alcuni dicono, che fù madre di Erecheheo, et à lei fu da esso consecrata per
934 1600 3342 1700 cio che quivi Regnava. Alcuni interpretano essere la sapientia et giustitia, che dal ciel discende et
942 1708 3360 1808 castiga tutti gli impij, che sotto colore di Religione fanno male, et contra gli ingrati vendicatri¬
934 1812 3372 1894 ce; della quale havemo detto assai nel luogo più sù delle Medaglie, ove in più modi la formarono.
934 1900 3336 1984 Fu in questo luogo nel Tempio una imagine tral'altre di essa Dea, opera di Phidia, con questa
942 1986 3360 2078 intutilatione tutta del marmo pario, et secondo concesso gli fù da Agoracrito Pario amatore suo
926 2080 3352 2166 formosissimo. QVI ET OLYMPIAI, DIGITO IOVIS INSCRIPSIT, ΑΥΓΑΡΚΗΣ. id'est. di sua sorte con
924 2166 3342 2258 tento, ò assoluto. Adrasto Re pochissimo fortunato, fù lo primo chele consecrò unaltra imagine
934 2258 3372 2340 et fece il Tempio à lei et la chiamo Fortuna Adrasteia: c'era informa di Minerva conle ali su¬
914 2346 3366 2428 gli homeri. Alcuni scrivono Rhamnusia Minerva, altri la Fortuna Rhamnusia, et Venere Rham
922 2432 3378 2528 nusia, et Rhamnunte la città, et Rhanno, et Rhamnusia la Tribù, presso della quale fù il Fonte dove
922 2520 3372 2612 Narcysso vedendose la prima volta se innamorò di se istesso, et visi annego dentro et fù mutato in fio¬
916 2600 3370 2694 re del suo nome: ove anchora Echo fù mutata in Petra che rispondea à Narcysso quando quello chia
900 2690 3376 2788 mava la falsa effigie che vedea di se istesso. Lo quale Fonte era chiarissimo suo specchio. Onde Ovidio
912 2776 3190 2846 nel terzo della metamorphose, cosi ne parla nell'amor' del pulcherrimo Narcysso de se amante.
1496 2866 2762 2940 SIC AMET IPSE LICET, SI NON POTIATVR AMATO.
1512 2938 2778 3015 DIXERAT, ASSENSAT PRECIBVS RHAMNVSIA IVSTIS.
1548 3000 2718 3075 FONS ERAT ILLIMIS NITIDIS ARGENTEVS VNDIS.
1502 3060 2934 3153 QVEM NEQVE PASTORES, NEQVE PASTAE MONTE CAPELLAE
1510 3133 2834 3220 CONTIGERANT, ALIVD VE PECVS, QVEM NVLLA VOLVCRIS,
1518 3195 2812 3284 NEC FERA TVRBARAT, NEC LAPSVS AB ARBORE RAMVS,
1502 3260 2852 3355 GRAMEN ERAT CIRCA, QVOD PROXIMVS HVMOR ALEBAT,
1518 3328 2804 3416 SILVAQVE SOLE LOCVM PASSVRA TEPESCERE NVLLO
1518 3386 2758 3470 HIC PVER, ET STVDIO VENANDI LASSVS, ET AESTVS
1518 3448 2746 3532 PROCVBVIT, FACIEMQVE LOCI, FONTEQVE SECVTVS.
1518 3510 2658 3580 DVM SITIM SEDARE CVPIT, SITIS ALTERA CREVIT.
1502 3569 2750 3645 DVM BIBIT ET VISAE CORREPTVS IMAGINE FORMAE
1482 3633 3238 3700 SPEM SINE CORPORE AMAT, CORPVS PVTAT ESSE, Q̄D̄ VMBRA EST. et cetera:
876 3663 3448 3769 Fù edificato in Messina città di Sicilia un fonte dedicato ad esso Narcisso molto ornato, onde alcuni hanno
908 3732 3468 3856 creduto che quivi intravenisse il caso della Favola, la quale fù gia nell'Attica nello presidio Rhamnusio
902 3824 2030 3888 come ogni greco scrittore ne fa menzione.
876 4006 3490 4146 RAITO, Rhaito, Raitus, è nome della città di Iudaea, che in varij modi la scrivono, con diphtongo
936 4102 3516 4232 et senza esso: come ne parla Rufino nelle cose di santi patri. dalla quale Rahaitopolite il cittadino
932 4192 3534 4312 all'usa Aegyptiaco. et nell'uso latino Raitusio, Rhaitusense, et nel greco, ΡΑΙΤΟΣ, ΠΟΛΙΣ, et il citta
900 4334 1510 4402 dino ΡΑΙΤΟΠΟΛΙΤΗΣ,
