3800 5255
926 436 3550 531 REIMS, è citta nella Francia, ò vogliamo dire della Gallia principale di campagna, che gli antichi chiama¬
978 526 3494 606 vano Duro cottoro, et Duricortora, de populi Rhemiori. nella quale i Re della Francia si ungono del'
964 595 1270 677 sacro Oleo.
930 1101 3224 1195 RENES, è città nella Britannia nella Francia edificata da Brittanici Rhodoni, ò Rholones.
954 1283 3530 1375 RERONE, è fiume nella Marca Trivisana, che gia si chiamava dall'antichi Eretino, ò Eretinus fluivius.
972 1552 3528 1644 RETIMO, è porto nell'Isola di Crete, che si diceva dall'antichi Rhytimno, dalla città Rhytimna, ò pure
996 1660 1324 1738 Rhetymnia.
968 1923 2654 2019 REGNO detto hora di Murcia, si deceva della Regione Turdetania.
982 2077 3074 2197 REGNO, di Toledo, cosi detto dal vulgo, fu dall'antichi nominato della Carpetania.
984 2291 2890 2383 REGNO, di Tunisi, fu detto di Tunetani nell'Africa minore, ò in Numidia.
968 3179 3616 3279 RESAPHA, et RESA, è città nella Palmyrene Regione della Syria, secondo Ptolemaeo, da cui Resaphaeo,
1012 3284 1426 3355 et Resaphanite.
992 3824 3528 3937 RESALA, et ΡΕΣΑΛΑ, è citta nell'Umbria, molto antica, nominata da Hecataeo, ΡΑΣΑΛΗ, ΠΟΛΙΣ. ΟΜ¬
1030 3918 3530 4027 ΒΡΙΚΩΝ, et da questa Stephano dice Resaleno, ò, ΡΕΣΑΛΗΝΟΣ, et ΡΕΣΑΛΕΙΤΟΙ. quelli della Regio¬
1046 4050 1438 4118 ne della città
998 4108 3454 4213 RESINA fu città di Picenti Campani sullitto del seno Cratere, poco sliscosto à Portici città. et
1038 4210 3480 4309 Resina anchora è Vico, ò città d'Aegina sul fiume Hebro, overo, ΑΒΟΡΟΝ, ΠΟΤΑΜΟΝ, donde
1038 4310 3534 4399 dovemo dire Resinate, ò, ΡΕΣΙΝΑΤΗΕ, come da Terina Terinati et Terinei, cosi anchora Resi¬
1040 4396 3514 4507 nei, ò Resinaei, et ΡΕΣΙΝΑΙΟΣ. et scrivesi senza spiratione, al contrario di quelli che scrivo
1032 4512 3236 4597 no la citta Rhesina, come è detto piu oltre nell'altro uso che alcuni la scrivono. ⁓
1004 4611 2820 4674 RESI, sono stati populi latini, secondo Strabone proprio dove è Roma.
992 4680 3522 4775 RESISTO, Resistos, nel greco et latino, è citta della Propontide nel chersoneso, come dice Plinio nellibro
1056 4742 1208 4807 quarto
1006 4817 3528 4896 RETIGONIO, Retigonium, Retigonia, è città nella Britannia Isola, secondo scrive Ptolemaeo. da cui Reti
1038 4901 2644 4960 gonio il seno, et Retigonensio l'huomo della città, altri Retigonense.
