3800 5255
3094 121 3165 171 5
3184 208 3278 260 2
438 214 3006 308 RABICHA., ΡΑΒΙΧΑ, è celebrato luogo posto fuori della città di Sparta, il lustrissimo perli ornamenti di
482 298 2978 414 pittura et delle statue che havea in memoria delli fatti degli huomini illustri, posto sul fiume chiamato
488 396 3038 511 Gnation, come scrisse Ephoro presso Epaphrodito, lo quale come dice Plutarcho si chiamava il Rabicha
470 490 3010 617 dal fiume Gnation, et poscia fù detto Ovathe, et dipoi Rabicha. et d'esso fa menzione Aristotele: dove
482 586 3028 729 pria Lycurgo elesse quelli ventiotto Seniori Lacedemonij, accio che tenessero la parte della libertà,
488 692 3030 822 della Republica, per moderare l'appetiti delli giovani, et gli appolazion'che tenivano quelli della parte Rea¬
488 792 3032 912 le del Re, et piegavano alla Tyrannide, il che fece Lycrugo, per riformare nelle leggi la repubblica nel
492 884 3026 1013 tempo poco innanzi alla prinia olympiade, quando fu mestiero di rafformare il superbo vicere, et per le
488 986 3030 1123 vare il strano uso, che recano le contenszioni, et le repulse della plebe con li nobili contrastandosi con ambi
488 1148 706 1223 le parti.
476 1184 3046 1335 RABILIANA, fu Villa di Sexto Rabilio Planciano: ch'era nel paese di Bauli, presso del Miseno Promontorio
484 1273 3032 1434 dell'opici Campani populi. ove egli oltre alli giardini, et alli Vivari de pesci et d'ostreghe, vi fece portichi,
492 1379 3048 1524 et Bagni, secondo mostravano le parole scritte trovate in uno fragmento in esso luogo, con alcune imagini
488 1476 3030 1629 di Apolline, et di Hercole, et delle Muse, et di Cerere, con infiniti belli ornamenti di marmi, i quali adino¬
496 1570 3050 1727 stri havemo veduti calcificare, et portar via delle imagini in paesi lontani et alieni. Fu di questa fame¬
496 1679 3040 1832 glia Rabirio Poeta, che vivea nel tempo di Augusto et d'Ovidio: et quel Rabirio che difese Cicerone
488 1823 1176 1918 contra di Tito Labieno.
