3800 5255
3091 180 3213 230 40
3161 294 3268 349 37
544 360 3012 443 RIRA, è fiumana della Thracia verso la pontica. et fu oppido del medesimo nome, ò castello fatto,
590 468 3030 545 gia da Milesij popoli secondo Hecataeo. et Plinio nellibro quarto al capo undecimo mette il fiume
594 556 3066 645 verso il Mare Pontico in Thracia nell'Apollonia et Anthio. ove egli dice che di esse sono, que¬
574 660 1854 735 sti fiumi. Panissa, Rira, Tearus et Orisines.
522 918 2398 987 RISANO, è voce vulgare del Fiume, che gliantichi dicevano Formio nella Histria.
536 994 3046 1101 RISADIR, è nome di Porto, presso della Geographia d'Artemidoro, come ancho presso Plinio.
600 1104 3058 1193 nellibro quinto al capo primo nelle cose della Mauretania, ove accusa esso porto essere nel
576 1206 3058 1288 la Libia Mauretana oltre al promontorio del sole presso le genti de Getuli, et Autololi, ove
586 1290 2594 1382 ro per dirle latinamente GETVLES, ET AVTOLOLES, et sull'oceano Mauretano.
528 1404 2048 1487 RISINO, Risinum, è città nella liburnia, secondo Ptolemaeo.
542 1520 3074 1603 RISPIA, città della pannonia superiore, come scrive Ptolemaeo. alcuni Rispya, et Rispyana vulgatamente.
580 1754 3082 1855 RITHYMNIA, è citta di Crete Isola, ò vogliamo dire di Candia, donde il cittadino Stephano dice
628 1854 2728 1959 RithyMniate, et Rhitymnio, al costume greco. ΡΙΘΥΜΝΙΑΤΗΣ, ΚΑΙ ΡΙΘΥΜΝΙΟΣ,
536 1964 3088 2039 RIVALTA, è luogo habitato nel dominio Mantuano nella Lombardia posto sotto il titulo del sabioneto, dove
570 2047 3100 2107 anticamente, fù il Tempio di Iove, ove è hora la chiesa di san Rivalta, et vi si trova questa dedicatione anti
568 2118 2102 2183 ca, la quale havemo havuta copiata per mano del signor Iulio Mosti.
2256 2121 2428 2170 IOVI
2110 2190 2624 2235 T•POPILIVS•L•F
2186 2240 2500 2281 LAENAS.
538 2286 2802 2348 RIVO, Rivum, ΡΙΟΥΟΝ, è promontorio della Corsica isola, ò come dice Ptolemaeo in Cyrno Isola.
534 2362 3096 2431 RIVO DEL SOLE, è quel fiume, che Horatio Flacco chiama Digentia, che corre per l'umbria nel contado di Spoleto.
552 2498 3106 2597 RIZENIA, ò pure, ΡΙΖΗΝΙΑ, è città dell'Isola di Crete, detta da Rizena; Heroessa secondo disse
594 2606 3138 2695 Callisthene: dalla quale Stephano aduce il nome del cittadino Rizeniate, ò vero ΡΙΖΗΝΙΑΤΗΣ.
540 2820 3130 2933 RIVA DI TRENTO, cosidetta dal vulgo, è Terra habitata, cosi detta, non per che sia sula riva del Laco,ma
574 2904 3158 3010 per che vi fù fatto gia un Rivo di sangue in uno gran fatto d'arme, tra Boiori et altri populi venu¬
582 2990 3192 3093 di dalla dell'Alpi, onde Rivo di sangue sparso, et non Riva, è esso lugo posto nelli Boiori ai confi¬
584 3084 2352 3169 ni del paese di Trento, ò Triento città, come dice Pietro Bembo.
584 3180 3090 3273 RIZIS, òvero RIZI, et, ΡΙΖΙΣ, nel greco uso, et stata gran fortezza di Trogloditi, donde si dice
620 3288 3078 3369 il suo possessivo Riziatoe, et Rizis, et Rizio, et Riziano, come da Phasi phasiano, la onde
632 3397 3148 3466 Stephano nella sua grammatica dice ΡΙΖΙΣ, ΑΚΡΑ ΜΕΓΑΛΗ, ΗΝ ΟΙΚΟΙΣΙ ΤΡΩΓΛΟΔΥΤΑΙ. ΟΙ ΚΑΤΟΙ¬
620 3487 2012 3562 ΚΟΥΝΤΕΣ, ΡΙΖΙΤΑΙ. ΚΑΙ ΡΙΖΙΣ, ΡΙΖΙΟΣ, ΩΣ ΦΑΣΙΑΝΟΣ.
608 3926 3142 4019 RIZON, ò pure, ΡΙΖΩΝ, è città antica della Illyria, et etiandio nome di Fiume, come scrive
630 4038 3138 4115 Stephano, dalla quale il cittadino Rizonite, ò veramente, ΡΙΖΟΝΙΤΗΣ, Trovasi essere stata fatta
640 4138 3124 4211 colonia da Aureliano imperatore, secondo la sua Medaglia, la quale chiamo. COLONIA AVRELIANA
622 4228 2496 4313 RIZONA, AVGVSTA. LATINA. Alcuni Rhizon, conla spiratione la scrivono.
