3800 5255
930 399 1339 459 FONTINALIA,
1356 400 1438 460 era
1454 399 1503 459 la
1520 398 1634 458 Festa
1651 397 1782 457 nella
1798 396 1913 456 quale
1929 395 1978 455 si
1995 392 2306 452 sacrificava,
2322 389 2355 449 al
2371 387 2552 447 Nume,
2568 385 2584 445 ò
2601 385 2748 445 Genio
2781 384 2814 444 de
2846 382 2977 442 Fonti
3010 380 3043 440 et
3043 380 3174 440 alle
3190 378 3403 438 Nymphe

953 476 1030 536 et
1030 478 1247 538 lymphe
1247 479 1554 539 dell'acque
1580 478 1618 538 et
1644 478 1733 538 alli
1746 477 1938 537 Fiumi.
1963 476 2015 536 La
2015 475 2142 535 qual
2142 473 2270 533 festa
2296 472 2526 532 Varrone
2552 470 2756 530 chiama
2769 468 3178 528 FoΝΤΑΝΑΙΑ,
3191 468 3280 528 per
3293 470 3370 530 .A.

972 560 1228 620 Fontana.
1253 560 1292 620 et
1317 560 1407 620 non
1432 560 1522 620 solo
1535 560 1841 620 honoravano
1867 558 1893 618 i
1905 558 2046 618 fonti
2059 558 2199 618 ottimi
2212 557 2263 617 da
2263 556 2417 616 bere:
2417 556 2557 616 mali
2583 554 2813 614 Minerali
2826 554 2864 614 et
2890 553 3043 613 calidi,
3056 553 3094 613 et
3120 552 3184 612 per
3196 552 3350 612 insino
3375 552 3452 612 all'

977 646 1138 706 acque
1138 646 1245 706 che
1245 646 1581 706 chiamarono
1594 646 1755 706 Stygie
1782 646 1809 706 di
1849 646 1997 706 Strano
2010 646 2211 706 Sapore:
2225 646 2359 706 della
2372 646 2480 706 qual
2480 646 2600 706 cosa
2627 646 2681 706 ne
2708 646 2909 706 havemo
2922 646 3097 706 veduto
3110 646 3338 706 memorie
3365 646 3405 706 et

968 742 1137 802 nelli
1151 740 1477 800 Monumenti
1491 739 1533 799 et
1562 738 1675 798 altri
1689 738 1873 798 luoghi:
1887 738 1929 798 et
1929 737 2071 797 perla
2085 736 2339 796 diotione
2353 736 2467 796 degli
2495 735 2608 795 iddij
2622 734 2806 794 Manes
2820 734 3046 794 chiamati
3061 734 3414 794 constituivano

984 832 1302 892 sepulchri
1302 834 1482 894 presso
1482 834 1883 894 Monumenti,
1910 834 2062 894 alcuni
2090 833 2118 893 li
2132 832 2436 892 intitularono
2463 832 2519 892 del
2546 832 2698 892 padre
2698 832 2823 892 Dite,
2864 834 2975 894 altri
2989 836 3168 896 Cyanei,
3210 838 3251 898 da
3265 840 3403 900 giane

959 924 1211 984 Nympha
1239 926 1295 986 et
1309 926 1435 986 fonte
1464 926 1506 986 di
1520 928 1688 988 Sicilia
1702 928 1800 988 che
1814 928 1997 988 riceve
2011 928 2067 988 la
2081 928 2291 988 cintura
2305 927 2361 987 di
2375 926 2642 986 Prosergina
2656 926 2824 986 rapita
2838 926 2894 986 da
2894 926 3105 986 plutone
3119 926 3175 986 et
3189 926 3399 986 condotta

971 1020 1142 1080 nelle
1156 1020 1313 1080 parti
1327 1020 1484 1080 inferne
1527 1022 1712 1082 secondo
1726 1022 1783 1082 la
1812 1022 2040 1082 favola,
2068 1022 2097 1082 a
2111 1022 2197 1082 cui
2211 1022 2567 1082 sacrificavano
2582 1022 2653 1082 gli
2667 1022 2853 1082 amanti
2853 1022 2938 1082 per
2967 1022 3166 1082 laccare
3180 1020 3223 1080 le
3237 1020 3394 1080 furie

961 1118 1040 1178 et
1067 1118 1186 1178 farle
1212 1119 1385 1179 quiete
1398 1120 1530 1180 negli
1543 1120 1755 1180 amori.
1782 1122 2139 1182 Veneravano
2153 1122 2444 1182 Acheronte
2457 1122 2656 1182 Fiume,
2669 1121 2815 1181 perlo
2828 1120 3000 1180 amore
3013 1120 3040 1180 di
3080 1118 3305 1178 Mento,
3318 1117 3384 1177 che

953 1215 1097 1275 fece
1111 1212 1226 1272 gran
1255 1211 1428 1271 furori
1442 1210 1773 1270 nell'inferno
1787 1210 1888 1270 per
1903 1210 2046 1270 causa
2075 1210 2118 1270 di
2147 1210 2435 1270 Persephone
2449 1211 2507 1271 et
2536 1212 2737 1272 Hecate.
2766 1212 2939 1272 Questa
2953 1212 3169 1272 Minthe,
3198 1212 3226 1272 ò
3241 1211 3413 1271 comella

970 1310 1233 1370 scrivono
1248 1307 1277 1367 i
1292 1306 1423 1366 greci,
1467 1306 1672 1366 ΜΙΝΟΗ,
1716 1307 1920 1367 secondo
1935 1308 1964 1368 i
1979 1308 2110 1368 poeti
2125 1309 2184 1369 fù
2213 1310 2432 1370 figliuola
2461 1312 2520 1372 di
2534 1312 2710 1372 Cocyto
2725 1314 2900 1374 fiume
2915 1314 3163 1374 infernale,
3207 1313 3236 1373 et
3265 1312 3426 1372 veduto

969 1394 1076 1454 che
1090 1396 1278 1456 plutone
1278 1398 1453 1458 havea
1480 1400 1668 1460 rapita
1695 1402 2004 1462 Prosserpina
2017 1404 2192 1464 faceva
2219 1404 2272 1464 di
2299 1406 2434 1466 strani
2461 1407 2823 1467 muovimenti.
2850 1408 2904 1468 Fu
2904 1410 3186 1470 trasformata
3227 1412 3280 1472 in
3294 1414 3428 1474 herba

969 1481 1067 1541 del
1095 1485 1178 1545 suo
1192 1488 1345 1548 nome,
1359 1490 1400 1550 et
1400 1492 1595 1552 questa
1595 1494 1665 1554 si
1679 1496 1804 1556 come
1818 1497 1845 1557 i
1859 1497 1998 1557 greci
2026 1499 2249 1559 dicevano
2263 1500 2443 1560 Mino
2513 1500 2610 1560 dal
2624 1502 2763 1562 suave
2805 1502 2944 1562 odore
2944 1503 3069 1563 che
3083 1505 3180 1565 pria
3180 1506 3389 1566 havea

980 1580 1049 1640 la
1063 1584 1447 1644 dinominarono
1460 1587 1748 1647 HΔΥΟΣΜΟΣ,
1789 1590 1831 1650 et
1844 1590 1872 1650 i
1885 1591 2023 1651 latini
2036 1592 2242 1652 mutando
2256 1594 2311 1654 la
2324 1594 2338 1654 .
2352 1594 2434 1654 in
2448 1595 2475 1655 E
2503 1597 2832 1657 l'appellarono
2846 1600 3106 1660 MENTHA,
3147 1602 3188 1662 la
3202 1602 3271 1662 cui
3298 1604 3435 1664 favola

969 1666 1105 1726 tocca
1119 1669 1283 1729 Ovidio
1310 1671 1378 1731 nel
1378 1674 1582 1734 decimo
1596 1676 1691 1736 della
1691 1678 2087 1738 Metamorphose
2100 1682 2305 1742 dicendo
2305 1686 2891 1746 ANTIBIQVONDAM,
2891 1692 3245 1752 FOEMINEOS
3259 1696 3422 1756 ARTVS

968 1762 1276 1822 INOLENTES
1276 1764 1544 1824 VERTERE
1571 1768 1880 1828 MENTRAS
1893 1772 2269 1832 PERSEPHONE
2295 1777 2496 1837 LICVIT.
2510 1779 2577 1839 La
2590 1782 2805 1842 allegoria
2818 1784 2872 1844 di
2885 1786 2993 1846 costei
3033 1787 3221 1847 mutata
3234 1789 3288 1849 in
3288 1790 3381 1850 Her

969 1854 1049 1914 ba
1080 1856 1160 1916 nel
1175 1858 1318 1918 tempo
1334 1858 1413 1918 che
1429 1860 1714 1920 proserpina
1730 1862 1762 1922 è
1778 1862 1952 1922 rapita
1968 1864 2110 1924 nella
2142 1867 2443 1927 primavera
2459 1868 2522 1928 ci
2538 1871 2760 1931 dimostra
2776 1873 2839 1933 la
2855 1876 2950 1936 sua
2966 1881 3283 1941 pululatione,
3283 1886 3347 1946 et
3362 1888 3410 1948 na

958 1956 1300 2016 scimento,
1314 1956 1478 2016 poscia
1519 1956 1587 2016 nel
1615 1956 1779 2016 tempo
1792 1956 2093 2016 auttinnale
2093 1956 2175 2016 si
2189 1958 2394 2018 asconde
2408 1959 2681 2019 sottoterra,
2708 1962 2886 2022 quando
2900 1963 2941 2023 si
2955 1966 3187 2026 mangiano
3201 1968 3242 2028 le
3255 1970 3378 2030 pome

967 2042 1241 2102 puniche,
1282 2043 1296 2103 ò
1309 2045 1556 2105 vogliamo
1569 2046 1679 2106 dire
1693 2048 1939 2108 Granate,
1966 2050 2035 2110 nel
2048 2051 2131 2111 cui
2172 2052 2308 2112 tempo
2322 2054 2363 2114 la
2391 2055 2527 2115 Terra
2541 2056 2651 2116 perde
2692 2059 2911 2119 ognifiore
2938 2062 2993 2122 et
3007 2065 3280 2125 Prosepina
3308 2070 3349 2130 fù

967 2139 1313 2199 condamata
1339 2144 1364 2204 à
1377 2144 1518 2204 stare
1531 2145 1659 2205 sotto
1672 2146 1761 2206 con
1787 2146 2030 2206 plutone,
2030 2146 2133 2206 che
2145 2146 2171 2206 è
2184 2146 2338 2206 tanto
2350 2146 2478 2206 come
2478 2146 2594 2206 per
2606 2146 2875 2206 significato
2888 2149 2978 2209 delli
2978 2151 3119 2211 semi
3132 2155 3196 2215 che
3221 2159 3400 2219 interra

953 2222 1057 2282 si
1083 2224 1305 2284 mettono,
1331 2226 1383 2286 che
1409 2226 1500 2286 poi
1513 2226 1604 2286 alla
1617 2228 1891 2288 primavera
1904 2230 2191 2290 fioriscono.
2204 2233 2413 2293 Pertanto
2426 2236 2491 2296 gli
2504 2238 2673 2298 amanti
2686 2240 2752 2300 per
2765 2242 2921 2302 timore
2947 2250 3247 2310 honoravano
3260 2257 3416 2317 Cocyto

961 2326 1006 2386 ò
1021 2326 1245 2386 ΚΝΥΤΟΣ,
1290 2326 1440 2386 Fiume
1454 2326 1694 2386 infernale
1708 2326 1783 2386 che
1798 2326 1977 2386 deriva
1992 2328 2112 2388 dalla
2127 2328 2276 2388 Stygia
2291 2330 2470 2390 palude,
2500 2331 2620 2391 detto
2635 2334 2754 2394 ΑΠΟ
2784 2336 2889 2396 ΤΟΥ
2904 2339 3188 2399 ΚΑΝΥΕΙΝ,
3203 2342 3262 2402 dal
3262 2345 3427 2405 genere

964 2422 1036 2482 et
1051 2425 1326 2485 lamentare:
1341 2426 1384 2486 di
1399 2427 1457 2487 cui
1486 2428 1602 2488 parla
1631 2430 1819 2490 Virgilio
1833 2430 1920 2490 nel
1949 2432 2051 2492 sesto
2065 2432 2399 2492 dell'Aeneide.
2428 2435 2645 2495 COCVTI
2659 2439 2862 2499 STAGNA
2862 2441 3007 2501 ALTA
3007 2444 3210 2504 VIDES,
3225 2448 3413 2508 STVGIA

957 2519 1138 2579 ME
1168 2521 1425 2581 ΡΑΙΟΣ.
1471 2524 1516 2584 et
1546 2526 1818 2586 Claudiano
1833 2528 1894 2588 nel
1924 2530 2030 2590 ratto
2045 2530 2090 2590 di
2105 2532 2378 2592 Proserpina
2393 2536 2483 2596 nel
2514 2538 2695 2598 secondo
2710 2541 2831 2601 libro.
2876 2545 3073 2605 PRESO
3103 2550 3330 2610 LACRVMA

955 2618 1090 2678 RVM
1105 2621 1285 2681 FONTE
1315 2625 1509 2685 RESEDIT
1554 2628 1838 2688 COCITVS,
1853 2632 2048 2692 TACITIS
2093 2634 2332 2694 ACHERON
2362 2636 2601 2696 OBMVTVIT
2631 2639 2856 2699 VNDIS.
2886 2642 2976 2702 Da
3006 2644 3170 2704 questo
3185 2650 3410 2710 sacrificio,

963 2724 1043 2784 di
1059 2726 1204 2786 cocyto
1220 2726 1414 2786 fudetta,
1430 2726 1591 2786 Cocytia,
1639 2728 1752 2788 come
1768 2729 2042 2789 anchodicano
2059 2730 2187 2790 greci
2204 2734 2445 2794 Rauria,
2461 2734 2494 2794 la
2526 2736 2655 2796 sacra
2671 2738 2800 2798 festa,
2816 2738 2880 2798 del
2897 2740 3025 2800 cocito
3042 2742 3171 2802 Fonte
3203 2744 3251 2804 la
3267 2746 3396 2806 quale

962 2827 1221 2887 facevano
1237 2832 1496 2892 ad'honore
1511 2834 1557 2894 di
1572 2836 1862 2896 Proserpina,
1878 2836 1939 2896 che
1954 2836 2045 2896 rapi
2076 2836 2274 2896 Plutone,
2274 2836 2336 2896 et
2351 2836 2412 2896 da
2427 2836 2595 2896 Cocyto
2610 2837 2671 2897 la
2687 2838 2885 2898 nomina
2900 2841 3175 2901 Porphyrio:
3190 2846 3297 2906 dela
3312 2850 3404 2910 qual

956 2919 1113 2979 ancho
1127 2922 1377 2982 Hartione
1403 2923 1442 2983 fa
1469 2924 1718 2984 menzione
1732 2924 1797 2984 in
1797 2926 2008 2986 Epodoro.
2047 2927 2297 2987 INVLTVS
2297 2928 2376 2988 VT
2402 2930 2692 2990 TORISERIS
2705 2934 2968 2994 COCYTIA,
2981 2938 3284 2998 Veneravano
3297 2942 3336 3002 il
3349 2944 3415 3004 Far

961 3022 1063 3082 te
1078 3027 1296 3087 Aegerio,
1311 3028 1340 3088 il
1369 3030 1587 3090 loturno,
1602 3032 1631 3092 et
1631 3032 1937 3092 l'Arethusio.
1981 3034 2214 3094 L'Aegerio
2228 3036 2345 3096 perlo
2360 3036 2505 3096 amore
2505 3037 2578 3097 di
2593 3040 2767 3100 Aegeria
2782 3042 2869 3102 che
2884 3044 2986 3104 perlo
3000 3047 3161 3107 amore
3190 3051 3234 3111 di
3248 3054 3365 3114 Numa

963 3138 1198 3198 pompilio
1213 3138 1257 3198 si
1271 3138 1447 3198 cangio
1462 3138 1491 3198 in
1521 3138 1682 3198 Fonte,
1711 3138 1902 3198 loturna
1932 3138 2108 3198 sorella
2122 3138 2181 3198 di
2196 3138 2357 3198 Turno
2372 3138 2445 3198 per
2474 3138 2636 3198 l'amor
2651 3138 2695 3198 di
2709 3138 2856 3198 Fauno
2885 3139 3105 3199 Aethusa,
3149 3140 3208 3200 per
3237 3140 3355 3200 causa

961 3232 1253 3292 dell'amore
1283 3232 1330 3292 di
1345 3232 1498 3292 Alpheo,
1545 3232 1714 3292 peneo
1729 3233 1836 3293 perlo
1882 3234 2021 3294 amore
2051 3234 2098 3294 di
2113 3234 2297 3294 Apolline
2343 3236 2374 3296 et
2405 3236 2620 3296 Daphne,
2635 3238 2758 3298 come
2773 3240 2819 3300 gli
2866 3243 3173 3303 Dappoliti,
3188 3247 3265 3307 gli
3280 3249 3372 3309 Ephe

951 3325 1098 3385 sij,
1112 3326 1127 3386 i
1156 3326 1361 3386 cyrenei
1361 3328 1522 3388 perlo
1537 3330 1684 3390 amore
1713 3331 1742 3391 di
1771 3332 1933 3392 Cyrene
1947 3334 2006 3394 et
2035 3334 2079 3394 di
2094 3336 2328 3396 Apolline,
2357 3338 2387 3398 il
2416 3339 2563 3399 Fonte
2577 3341 2621 3401 di
2650 3343 2812 3403 Byolide
2841 3346 2973 3406 perlo
2987 3346 3119 3406 amor
3134 3348 3178 3408 di
3207 3350 3339 3410 Byllis

956 3422 1035 3482 et
1066 3426 1114 3486 di
1129 3429 1287 3489 cauno.
1287 3431 1350 3491 il
1365 3434 1586 3494 Landone
1601 3437 1727 3497 perlo
1743 3440 1900 3500 amore
1916 3441 1963 3501 di
1979 3442 2184 3502 Syringa
2199 3444 2231 3504 et
2278 3445 2325 3505 di
2341 3446 2420 3506 Pan
2435 3446 2530 3506 Cli
2577 3448 2734 3508 Ephesij
2750 3450 2860 3510 perla
2876 3452 2954 3512 casta
3033 3454 3065 3514 di
3065 3455 3222 3515 Diana
3238 3458 3379 3518 IEphe

971 3521 1090 3581 sio
1103 3526 1262 3586 fonte:
1288 3531 1407 3591 acui
1421 3537 1752 3597 sacrificavano
1778 3541 1818 3601 le
1818 3542 1963 3602 spose
1977 3544 2016 3604 et
2043 3544 2096 3604 ne
2109 3546 2387 3606 tralevano
2400 3547 2426 3607 i
2440 3549 2572 3609 buoni
2585 3551 2784 3611 auguri,
2810 3554 2903 3614 come
2929 3556 3022 3616 dice
3035 3558 3154 3618 Tatio
3168 3562 3340 3622 Alexan

957 3631 1126 3691 dino
1141 3634 1402 3694 nell'amor
1433 3636 1479 3696 di
1495 3638 1710 3698 Leucippe
1725 3639 1786 3699 et
1802 3639 1848 3699 di
1863 3642 2155 3702 Chophonte.
2201 3644 2293 3704 Cosi
2339 3647 2585 3707 etiandio,
2616 3649 2647 3709 il
2662 3650 2800 3710 Fonte
2816 3652 2862 3712 di
2877 3655 3061 3715 Venere
3077 3658 3138 3718 in
3154 3661 3292 3721 molte
3307 3665 3384 3725 citta

943 3726 1134 3786 finte,
1174 3731 1215 3791 il
1229 3735 1378 3795 Fonte
1392 3737 1446 3797 di
1460 3739 1650 3799 cupidine
1691 3742 1746 3802 in
1773 3744 1963 3804 Athene
1977 3747 2018 3807 et
2045 3748 2086 3808 in
2086 3748 2276 3808 Roma,
2276 3749 2331 3809 il
2344 3751 2480 3811 Fonte
2494 3753 2589 3813 della
2616 3756 2807 3816 Fortuna
2834 3760 2888 3820 in
2888 3763 3106 3823 Preneste,
3147 3768 3201 3828 in
3215 3772 3364 3832 Roma

963 3817 1075 3877 il
1075 3824 1381 3884 Gantimedeo
1395 3831 1506 3891 fatto
1520 3836 1798 3896 memoria
1812 3840 1868 3900 di
1881 3844 2132 3904 Ganymede
2146 3849 2354 3909 figliuolo
2368 3851 2410 3911 di
2424 3853 2591 3913 Troilo,
2605 3859 2883 3919 formosissimo
2897 3863 3078 3923 giovane
3092 3867 3231 3927 rapito
3245 3870 3300 3930 da

961 3912 1113 3972 Iove
1140 3919 1305 3979 presso
1319 3923 1346 3983 il
1360 3927 1525 3987 fiume
1539 3934 1663 3994 Gallo
1677 3938 1787 3998 della
1800 3943 2007 4003 Phrygia,
2020 3947 2048 4007 et
2075 3949 2158 4009 esso
2172 3953 2337 4013 phrygio
2364 3958 2516 4018 fiume
2543 3964 2818 4024 veneravano
2832 3969 2956 4029 perlo
2970 3972 3135 4032 amore
3148 3974 3203 4034 di
3217 3977 3341 4037 Cybele

949 4013 1070 4073 et
1084 4022 1326 4082 d'Attine,
1353 4026 1393 4086 et
1406 4028 1528 4088 perla
1541 4032 1703 4092 favola
1716 4035 1783 4095 di
1797 4037 2012 4097 Gagaris
2025 4041 2227 4101 Nympha
2254 4044 2402 4104 amata
2416 4046 2470 4106 da
2470 4048 2671 4108 Attine.
2712 4051 2752 4111 et
2766 4056 3035 4116 Veneravano
3048 4061 3062 4121 il
3102 4065 3263 4125 sagario
3263 4070 3344 4130 fon

954 4118 1078 4178 te
1105 4124 1133 4184 è
1133 4127 1284 4187 fiume
1325 4135 1449 4195 detto
1463 4139 1559 4199 dalla
1572 4143 1696 4203 detta
1710 4148 1930 4208 Nympha,
1943 4150 1985 4210 lo
1998 4151 2095 4211 qual
2108 4153 2246 4213 fiume
2259 4155 2287 4215 è
2301 4156 2493 4216 dell'Asia
2493 4158 2644 4218 come
2658 4160 2795 4220 dicono
2809 4161 2988 4221 Strabone
3029 4164 3070 4224 et
3084 4166 3317 4226 Ptolemeo,

969 4234 1033 4294 et
1065 4239 1210 4299 scorre
1242 4243 1371 4303 perla
1387 4247 1564 4307 phrygia
1596 4250 1708 4310 nella
1724 4254 1982 4314 Bithynia,
1998 4258 2030 4318 et
2062 4259 2159 4319 sene
2175 4260 2223 4320 va
2239 4261 2287 4321 al
2319 4262 2464 4322 pontico
2480 4265 2641 4325 Mare,
2673 4267 2722 4327 lo
2738 4269 2850 4329 qual
2850 4273 3220 4333 Ovidionomina
3236 4280 3461 4340 Sagarimo.
