3800 5255
3170 158 3262 227 13
3216 243 3296 308 10
400 444 690 511 RAVENNA,
689 413 2940 508 i greci ΡΑΒΕΝΝΑ, altra mente detta ΒΗΡΥΤΙΟΣ ΡΟΥΕΝΝΑΝ, secondo referisce Hermippo presso di
446 515 3388 599 Stephano nelle cose d'Italia. et cosi Dionysio Halicarnasseo nell'archeologia de Romani et l'appella ΡΑΒΕΝΝΟΝ. et il nome populare
428 609 2948 691 dice Rabennate, ò ΡΑΒΕΝΝΑΤΗΣ, et dicono ch'essa città sul mare ATriatico o Adriatico fù pria da Pelasgi edificata.
456 708 2962 789 et cacciati d'indida i Populi Sabini, fù amphiata, donde viene che si scrive città dell'uno et dell'altro populo. et gli
456 808 2962 876 primi loro iddij nell'idolatria, furono Iove Dodoneo et i figliuoli, et il Genio Sanco Fidio de sabini. et haveano Her
452 888 2970 966 cole, et Neptuno che tutti vi haveano i Templi ò sacelli: i quali volente il nostro Iddio Salvatore sono stati tutti
434 971 2972 1058 spianati nel tempo che'l Italia hebbe tutte le città guastate sotto'lfurore de gothi. Dipoi secondo la Santa Religione
448 1069 2930 1153 christiana del divino Verbo nostro Signore, la citta s'impi di sante chiese de iddio sotto i Tituli, di questi santi.
452 1171 2982 1251 Della Diva Maria Matre de Dio Sempre Vergine Regina de cieli. Di San Vitale Martyre. di Santo Apollinara Episco¬
448 1267 2962 1347 po. et tutelari della città. Fu primieramente essa citta dall'Umbri populi chiamata Ruenna, et da Sabini
448 1365 2962 1439 Ravenna, et alla cui imitatione i scrittori greci hanno fatto,ΡΟΥΕΝΝΑΝ, et ΡΑΒΕΝΝΑΝ, et ΡΑΒΕΝΝΟΝ, Ma li
456 1453 2974 1541 Umbri che un tempo lhabitarono et chiamandosi Berytij, appellarono Ravenna Berytia, questi nel tempo chegli
452 1551 2998 1635 Pelasgi lhabitarono visi ingerirono, et essi cacciati da Tyrrheni Hetrusci,rimase privata della gente greca: non
440 1649 3006 1737 dimeno vi rimase il nome di Berytio Ruenna: et di poi venne la voce di Ravenna, ò R'abenna. Fu detta Ruen¬
448 1751 2992 1827 na dalla causa de fiumi, che'l luogo ove è situata rompevano nel mare, poscia mutata la.U. nell'A. è stata detta
440 1837 2948 1931 Ravenna, come la chiamano Strabone, Plinio, Dionysio Afro et Plinio. Situata nella ottava Regione di.
458 1934 2960 2010 Italia copo ditutte lecittà sul litto Adriatico Archiepiscopato hodiernamente. et la mette plinio cento unidici
446 2032 2984 2113 miglia per mare discosto da Ancona colonia Marciana di Traiano. Ella fù sempre in luogo palustre, et havea l'ae¬
446 2124 2974 2201 re grave, ove perla gravezza d'esso aere, gli antichi vi educavano gli huomini feroci perli Gladiatorij, per
448 2219 2960 2289 che dalla gravezza temperassero lo ingegno ferocissimo accioché s'adestrassero nell'uso del schermire.onde I
456 2309 3008 2391 lanista presso dell'antichi ne hebbero diligente cura, difarli quivi essercitare come dice Strabone nelquin¬
460 2413 2996 2487 to libro. onde me meraviglio di coloro che dicono essere aere sottile: non considerando che dice grave il cosmographo,
462 2513 2960 2581 non per aere maligno: ma per uno aere che reprime, i cervelli troppo fumanti, come Fece Platone che
440 2605 2922 2685 in Athene, ordinò nell'aere grave la sua Academia nelli luoghi di Cimone; per ciò che i suoi tenessero
452 2701 2938 2770 l'intelletto occupato et soggetto alle cose erudite. Dice di più Strabone ch'essa città fù edificata da Thessali,
458 2792 2988 2864 i quali da perpetue incursioni contrastati da Toscani, si partirono, et fù habitata dall'Umbri. Ma plinio parti¬
464 2885 2972 2961 colarmente, nellibro terzo alcapo quindicesimo, dice che Ravenna fù colonia di sabini, et d'essa così ne fa men¬
454 2983 1440 3059 Zione Silio Italico nellibro ottavo dicendo.
1504 2973 2516 3049 QVIQVE GRAVI REMO, LIMOSIS SEGNITER VNDIS
1500 3070 2756 3140 LENTA PALVDOSAE PERSCINDVNT STAGNA RAVENNAE.
1510 3152 2622 3226 TUM TROIANA MANVS, TELLVRE ANTIQVITVS ORTI
1510 3249 2604 3321 EVGANEA, PROFVGIQVE SACRIS ANTENORIS ORIS.
3054 3085 3274 3165 Proscindunt
444 3351 2986 3423 ove ne mostra che in esso luogo paludoso de stagni male da navigare vi accapito Antenore profugo da Troia
462 3441 3004 3517 et ne venne da Ravenna all Euganea Regione ch'è dove è padua Antenoria. Secondo scrive Plinio Raven¬
458 3541 2984 3613 na fù discosto da Altino cento venti miglia come narra nel trattato del pado, et nella decima Regione Altino pone nella
442 3662 2972 3703 Venetia. intra al sito ove irriga la Liquentia, et Ptolemaeo mette il medesimo Altino infra padua et Atria: ma,
438 3733 2208 3813 questo non essendo in questo proposito per altro, che per dire, quanto sia da Altino
2180 3701 2270 3737 citta
2208 3733 2984 3799 annullata città che invece sua è fat
448 3827 2950 3905 ta Venetia, da, Ravenna.È stata celebrata perle buone Ranocchie: come dicono questi versi di Martiale vital
456 3930 1523 3997 sententia volendo la burla nelle sue argutie:
454 4017 1523 4079 tocca Ravenna nelle Rane, come fa Apollinare,
1535 3924 2512 3987 CVM COMPARATA•RICTIBVS TVIS ORA
1525 4021 2536 4081 NILIACVS HEBEAT CROCODILVS ANGVSTA,
1544 4109 2662 4179 MELIVSQVE RANAE GARRIVNT RAVENNATES.
3080 4059 3268 4133 Garriant
446 4201 2974 4273 Sendo dunque Ravenna in più tempi stata da diverse genti edificata, si puote credere che sia città di Thessali
442 4299 2978 4377 pelasgi pria, poscia fatta colonia de sabini, et dall'Umbri cacciati, sia stata città Sabina, et Umbra, come de
462 4401 2976 4479 Toscani Hetrusci che la tolsero all'Umbri suoi vicini, siche sendo da ogni una volta redificata da nuovo po¬
456 4501 2992 4567 pulo sia città di ogniuno d'essi edificio: ma posta nella Gallia Togata, propinqua deciotto miglia ad'una delle
