3800 5255
374 371 2800 455 RHEGIO, è città di Italia nella Magna Grecia, da Greci scritta, ΡΗΓΙΟΝ, et da latini Regium.
416 463 2792 539 Fu pria colonia greca, et poscia de latini dal grande Augusto la quale chiamo RHEGIO IVLIA AV¬
410 563 2828 639 GVSTA COLONIA LATINA, ove pose soldati veterani. et Fu pria appellata Rhigion dall'esser posta
400 659 2844 741 sul freto tra la Sicilia et l'Italia, cio è dal spartire et Rhere, onde gli habitatori sono detti Rhe¬
406 758 2816 832 gini, et il cittadino Rhegino, come nel greco ΡΗΓΙΝΟΣ, et ΡΗΓΙΝΗ, cio è Rhegine ò Rhegi¬
410 852 2840 922 na la femina. Si come piace à Sthephano Byzantio. Fanne menzione Antigono nelle Olympia¬
406 958 2824 1028 di in questo breve senso, che nella prima Olympiade secondo scrive Timaeo le cycale in
406 1049 2848 1123 Rhegio furono fatte mute et non cant avano: per cio che egli nella historia de sicoli, o' vo¬
406 1143 2822 1215 gliamo dire siciliani, fece memoria, che in Rhegio al fiume Hellece chel paese de Locri,
414 1240 2822 1320 et di Rhegini destingue, è cosa maravigliosa, che le cycale cantano nella parte di Locri,
398 1336 2836 1412 et in quella di Rhegini sono mute. et non vi e se non uno brevissimo spatio. Dele quali si di
398 1436 2870 1514 cono cose favolose, l'una che nella olympiade prima come dice Diodoro Hercole le fece mute per¬
394 1538 2852 1616 che lo destavano dal somno et riposo che prendea sotto gliarbori conl'Armenti tolti à Gerione.
386 1640 2860 1718 et nellaltra regione, aducono nella seconda Olympiade questo. Essendo addunque venuto da
390 1746 2838 1818 Delpho à Rhegio duoi coloni, ò habitatori, da Delpho Aristone, et à Locro Eunomo Cytharedi,
390 1848 2834 1928 et questi sendo poi venuti à gara nel cantare, et suonare: Eunomo Locrense per segno di Vit
398 1942 2836 2018 toria gli volo una cycala sula Lyra, il che sendo veduto con gran'chlamore, et vociferatione
368 2040 2828 2116 fu gridato vincitore, et cosi rimasto Aristone Rhegino perditore, lo fingono dalla natura delle
388 2144 2832 2220 cycale mute, ch'esse inlo paese Rhegino non visi sentono: Ma quelli che non piacque di dire,
392 2246 2828 2322 che in una parte non vi cantano perla grossezza dell'aere, et nell'altra cantano per megliore
378 2340 2822 2416 aria, attibuiscono la mutezza loro alli prieghi d'Hercole, che quivi non potendo quietare
390 2434 2860 2508 perlo strepito, domandando à Iove ò alla natura gratia, diventarono mute per sempre. Hor dunque,
384 2528 2832 2614 i locrensi nella Moneta loro da un lato fecero la lyra d'Eunomo conla cycala per rovescio della
386 2633 2826 2706 Testa di Iove, et quando à quella di Apolline, ò di Hercole con la cycala. et li Rhegini fanno
384 2721 2836 2792 il medesimo, per che alcuni dicono che perla Isolenza d'Aristone et suoi partiali. Eunomo heb¬
376 2814 2828 2910 be la corona, per che una cycala delle Mute canto sula sua cythera, Di piu fanno i Rhegini
376 2906 2818 3002 Arione Cytharedo sul Delphino affiso, nel rovescio della testa di Neptuno, per che costui appo di loro
374 3003 2832 3103 s'arrichi. et d'indi ritornò à Mitymna sua patria, come è detto nelle Medaglie di Rhegio. Et fa
376 3091 2868 3211 cevano, la Nave d'Ulysse assaltata da Carybdi et Scilla, nelli rovesci dell'imperadori Roma¬
374 3186 2864 3314 ni perlo antico significato del valore et prudentia d'Ulysse, quando passo il freto periglioso, che al¬
376 3302 2854 3438 lhora i naviganti grandemente temevano di passarlo. Hora per tornar' anchora alla natura de¬
350 3406 2816 3520 le cycale, si trova questo che in niuno luogo dove è l'aere grave si sentono. Nell'attica che è bonissi
364 3492 2840 3632 ma l'aria, vi sono piu grosse et piu cantarine, che non sono inaltra parte di Grecia, et gli Athenie¬
358 3592 2834 3704 si portavano le cycale legate ne capelli per mostrarsi endigeni, cio è nati quivi et non d'altronde
356 3674 2818 3802 venuti, per mostrar l'antica loro nobilta, sicome dicono Plutarcho, et Thucydide. Narra di piu
348 3776 2826 3898 Antigono, che nella terza olympiade, in Cephallenia isola advenne; essendo quella divisa dal
360 3863 2810 4004 phiume Cephallenio indue parti, da una le cycale non vi cantano et dall'altra parte si. Hora
354 3959 2814 4087 di Rhegio fa menzione Ovidio nel quarto delle trasformationi. RHEGION, INGREDITVR, FERVENTESQVE
346 4037 770 4119 AESTIBVS VNDAS.
298 4138 2830 4262 RHEBA, ò vero ΡΗΒΑΣ, è nome di Fiume del ponto et Regione, come scrive Stephano, da cui il nome
358 4246 2838 4357 gentile degli habitatori dice Rhebaei. Cosi, ΡΗΒΑΙΟΙ. con duoi diphtonghi. Cosi anchora li nomino
346 4357 2880 4448 Artemidoro: et ΡΗΒΑΝ la Regione istessa secondo contiene il fiume nella pontica cosi gli habitan
354 4435 904 4496 ti sono detti Rhebaei.
