3800 5255
1022 624 1634 728 braio non si faccia parenta
1581 614 1636 668 la
1634 591 3367 805 di, et però sequita il poeta in questi altri dui versi nel medesimo luogho
1021 710 3402 881 CONDE•TVAS•HYMENAEE•FACES, ET•AB IGNIBVS•ARTIS/ AVFER, HABENT•ALIAS•MAE
1016 803 3397 954 STA•SEPVLCHRA•FACES• Trovo ancho che presso gli antichi, certe Are che si dedicavano à Iu¬
1031 903 3396 1020 none solo donzelle vergini et maritate le potevano toccare, ma ale vedue, era nefasto. et la causa
1038 959 3395 1089 di questo si dira al luogo delle Are. Suida, scrive che in Athene la secerdotessa portava nelle noz¬
1042 1063 3402 1203 ze l'Egidee sacra, et entrava con essa dali nuovi sposi, l'Egida è quel'armatura che pal¬
1040 1131 3376 1261 lade porta nel petto fatta di squame di serpente, et questo portarla nelle nozza non credo
1040 1231 3420 1381 che altro significava presso gli antichi, che il marito deve sogiogar la moglie con la vigilan¬
1030 1325 3104 1464 za, et con la virtù, la qual cosa è simile al significato ditto disopra delhasta.
1031 1455 3370 1598 Scrive Valerio Maxinio nellibro secondo che gli Augori sacerdoti compariva
1063 1560 3387 1718 no nel tempo suo nelle noze, per significare quello annzo costume di non
1097 1679 3368 1808 battare mai cosa srivata ò publica ò privata ò matrimonij che non si cattas
1095 1767 3325 1925 sero gria gli Augurij. et dice che suto la disciplina di Minerva a di
1080 1857 3381 2027 Giunone, si vestivano et educavano le spose, perche le Donne anticamente,
1072 1992 3325 2139 che solo una volta si maritavano, erano ornate della corona della pudicitia
1075 2066 3434 2270 per che erano dagli antichi tenute d'animo pudico et sincero, et specialmente
1075 2170 3399 2356 le gintil donne, che dopo il primo matrimonio, non volevano esser viste
1079 2267 3322 2435 in publico rimaritate, giudicando chel rimaritarsi piu d'una volta,
1108 2383 3407 2566 fusse segno d'una certa intemperantia d'animo, quasi libidinosa. il che
1099 2511 3334 2681 certamente deve essere appresso agni gran donna accetto nelle svere
1111 2651 3318 2779 et, ignobile le quali sempre sarai hanni dilosogno per aggiurarsi à vi
1122 2770 3432 2934 vere degli huomini. dice anchora di piu che alla mensa le spose sedevano
1102 2892 2990 3054 et lo sposo stava prosteso su un lettuccio all'antico costume.
