3800 5255
2940 212 3076 265 42
3159 312 3251 366 39
406 378 2914 455 agiungeremo quel che dice Plutarcho, lo quale aducendo anchor' lui dell'altri oppenioni, dice che
424 474 2892 557 doppo, che Evandro prese il colle palatino, vi edificò la città, la qual chiamò dal nome dela patria
406 567 2908 669 lasciata in Arcadia Pallantio, ò pure da Pallante suo figliuolo. Poscia sendo decaduto illuogo, et edi¬
390 667 2916 765 ficato da sicari quivi venuti, gia doppo gli Argei, che passarono con Evandro edificarono unaltra cit¬
400 761 2920 870 ta, et la chiamarono Romana dal Rominare dell'animali l'herbe, sendo illuogo pieno di Greci, che
390 859 2908 982 firmati erano nelluogho chiamato Velia nel palazzo. et questa è una dele oppenioni, anchor' che recita
404 967 2884 1087 Chreucha Scholiasta, nelle cose di Strabone et miscellame di Geographia: et Dionysio nell'Archeolo
404 1085 2928 1195 gia di Romani, ove parlando delluogho chiamato Romone chiama la Velia Hypeleo, recitando deli prin
400 1193 2916 1305 cipij di Roma, dove aduce altre diverse narrationi. Ma plutarcho sudetto, dice ch'essendo venuto Aenea
404 1317 2900 1419 in Italia tra latini Aborigini, et combattendo coi sicari congran gagliardezza che i greci dicono Rome,
388 1429 2884 1529 la citta che vi edifico doppo la vittoria chiamo Roma. Oltre Agathocle scrittore dele cose Cyziceni
398 1541 2884 1634 disse in questo modo, nel Vaticinio di Helene, sendo espulso dala patria Aenea venne in Italia, et
398 1633 2884 1738 dal nepote di suo figliuolo edifico Roma, et detta dala figliuola di Ascanio, nepote di esso Aenea, la
402 1739 2908 1857 quale si chiamava Rhoma. Et dala venuta di costui in Italia si diceva che furono i Troiani et phry¬
374 1853 2892 1957 gij trasportati, dai quali discesero i potiti dela Phrygia natione, co quali prima quivi nel colle pala
396 1955 2886 2067 tino si fermarono, et vi fecero roma, et havendo occupato el colle detto Palazzo vi edificarono il
392 2067 2876 2179 Tempio di Fidio nell'edificar essa Romana colonia in memoria del valore la chiamarono Romona
396 2187 2850 2281 Et questo Agathocle, et altri scrittori dicono quasi il medesimo, come cose ch'erano dette incerta¬
378 2290 2864 2403 mente in grecia: ma coloro i quali pratticarono presso latini scrissero altrimente, et piacendogli
390 2390 2838 2511 di dire dele cose, narrarono gliantichi oppenioni, et alfini s'appigliarono à Romolo et Remo
374 2497 2846 2615 nepoti di Numitore. Oltre dicono che inquesto tempo Aenea fù morto al Fiume chiamato Ho¬
398 2623 2846 2731 loro alla città Rerecynthia prossima al fiume, et dicono che dala progenie di Aenea venne
390 2739 2840 2843 cui diede il nome à Roma. Lo quale fu Romo che conseco passò in Italia. Maquelli i quali disse
374 2853 2836 2955 ro che Aenea morì al fiume Numico inlatio, et non sendo trovato fu adorato per Iove indigite
378 2973 2880 3077 referiscono che egli generò Iulo di Chreusa, et havendo presa Lavinia figliuola del Re Latino Iulo
378 3101 2858 3183 Ascanio doppo la morte di suo padre edifico Alba: da costui discesero i Re Albani, cio è da esso Iulo
376 3211 2866 3299 Ascanio sendo procreato Silvio, et questo Poshimio, da cui nacque Silvio, da questo Latino, da costui
380 3327 2856 3401 Alba Silvio, et questo genero Egitto, Athi, da cui nacque Capy, da questo Capeto, da cui Tibe
386 3423 2828 3509 rio, et questo genero Agrippa Silvio, da questo Remo Silvio, che mori di saetta celeste, costui
374 3535 2806 3623 genero Aventino, da cui nacque Proca, et da costui nacque Amulio et Numitore, et Amu
382 3643 2816 3735 lio cacciato dal stato Numitore et posta la figliuola di esso Numitore detta Ilia Silvia Rhea
366 3758 2794 3839 nel governo del tempio di Vesta accioche come per castimonia non generasse stirpe alcuna
380 3861 2788 3942 chel potesse molestare: non so come volle la sorte gli falli il pensiero, fu costei ingravidata
374 3966 2784 4048 di Romolo et Remo, et sendo la cosa presentita da Amulio gli mando ad'annegare in lo fiu
382 4064 2784 4146 me che hora si dice Tiberio, et che si diceva Albola ove s'annego Tiberio sudetto et dalui fu
386 4169 2780 4255 appellato, et questi duoi fanciulli per opera di Numitore suo avo furono allevati secreta
2992 1814 3230 1978 POTITI.
2996 2038 3116 2192 FIDIO
