3800 5255
1618 186 2004 267 DI ROMA
796 327 3424 404 Dell'uso del Triclinio, in piu luoghi havemo, parlato nelle nostre ricollette dell'antichita. Del cui modo come in
830 413 3410 492 esso cenavano. Si vede in questo ritratto di quella scoltura trovata nella Via Appia inuna Tabola di Marmo
836 510 3404 580 di mezzo rilievo, ove si vede Padre et Madre et figliuoli scumbere attavola sulleto come usavano
834 598 3422 669 gli antichi nelle loro cene stare, atre pertre per letto. per cio che essi cenando et cumendo stavano à
810 690 3418 769 poggiati per segno di lieta et riposata cena. Concio sia cosa, che chi sedeva attabola, havea qualche pe
828 788 3402 874 na, ò rammarico nell'animo di qualche scontentezza,eper causa dela morte de parenti ò di qualch'altra
810 874 3412 954 affinita perla quale lhuomo viene per dolore e dispiacere perturbato: et cosi sedendo si dimostrava ricorde¬
822 966 3460 1057 vole di quella pena in cui premeva tutta la sua perturbata consolatione: al contrario mostravano allegrez
822 1058 3396 1131 za et riposo et contentezza d'animo et sicurezza coloro che scumbevano, mangiando. et per che dicono gli
800 1150 3412 1237 auttori greci, come ci insegna Plutarcho, et Vitruvio, nelli Trichlinij, stavano à tre pertre attorno le
808 1258 3422 1339 Tabole e mense, per che prima furono Tre le Muse, et poscia nove, la onde, chi s'apportava alle tre prime
806 1354 3448 1432 Muse, tre si mettevano perletto scumbitorio attavola. et quegli i quali davano lhonore alle nove Muse
814 1443 3402 1513 à tre perletto in tre letti circondavano tutta la mensa. et adhonore delle muse si porgeva lhonore co
816 1542 3440 1615 me che amensa si ricercano virtuosi ragionamenti et virtuose consolatorie ragioni, che fanno l'animo
800 1632 3422 1704 lieto e tranquillo, amico dell'imperio di tutte le cose charitative: et dispensativi et morali. Facevano la
790 1716 3434 1776 stanza Tricliniale di forma rotonda, ò ottagona, et Decagona, et Nonagona, per causa della circular
786 1795 3420 1866 forma et modo, che si comprende circularmente ogni cosa universale. onde i latini Triclinium l'
796 1886 3452 1985 appellano, et cosi i greci, ΤΡΙΚΛΙΝΙΟΝ, che è proprio quel conclave et stanza ove si scumbeva e mangiava.
778 1969 3394 2080 ove contre letti, et à tre perletti si stenevano. et percio vi mettevano, ò tre mense, contre letti percia
778 2055 3452 2172 scuna, ò una Mensa conlo istesso numero di tre persone perletto. et cubantemente cenavano, onde
798 2146 3428 2263 viene la voce Cumbere, che suona cenare, ò Mangiare stando appoggiato dal sinistro lato. et per che tal
784 2242 3450 2373 volta come apporta la necessita, s'aggiungeva una ombra ò vogliamo dire persona di piu, stavano à quattro
778 2342 3464 2467 perletto. et per cio Horatio nel primo de Sermoni nella quarta satyra parlando dell'abusi dise •SAEPE TRI¬
782 2446 3400 2549 BVS LECTIS VIDEAS COENARE QVATERNOS•E QVIBVS VNVS AVET QVAVIS ASPERGERE CVNCTOS.
766 2542 3452 2650 et questo basta del Triclinio, del quale molti ne fanno memoria, come Quintiliano. Iuvenale, Cicerone.
766 2640 3452 2755 et alcuni lo dicono Triclinum, et non Triclinium. Come fanno i poeti, et colui ch'era il Ministro si diceva
772 2720 3452 2833 Tricliaarcha, et Architriclinius. Come Praefechus Triclinij. et dal stare di duoi intal luogho accenare
794 2802 1630 2885 nelletto, dicevano Bichlinium
784 2904 1734 2977 come ancho per esser'vi duoi letti et non
774 2987 1678 3046 tre. Come si trova presso Plauto et
762 3059 1722 3121 suoi scholiasti. Come i greci, ΔΙΚΛΙΝΙΟΝ,
2076 3667 2848 3728 DIS•MANIBVS•SACRVM
1780 3729 2916 3804 IVNIAE VLPIAE MARCIANAE•AVG•LIB
1934 3812 2882 3862 IANTVLLAE•VIX•ANN•XXXI•M•II
1852 3870 2926 3922 ET M•VLPIO•M•L•MENESTEO•MARIT•OPT
1894 3935 2890 3975 ET•VLPIO•FIL•SCRIB•PRAETOR ...
1788 3983 2902 4029 M•VLPIVS•CALLYSTVS•LEGAT•CAVSSA ...
