3800 5255
1318 277 1510 343 DI RAVENNA
872 393 3430 518 fù convertita in una pianta l'una, et l'altra in Vacca, dal medesimo Iove in quella aspra et dolce Zelotipia
864 497 3400 586 della rabbiosa invidia. Onde simili cose con gelosieffetti si vanno trovando gli amori intra gli amanti che amano.
860 585 3396 671 à quali è acerba l'occasione quando visi interpone la morte, che sepera la compagnia, quanto al corpo, et accresse
872 655 3436 749 il desiderio in cordoglio de desiderare la cosa amata viva. E quando poscia mancano, conviene che vadino illu¬
872 747 3378 827 strando i luoghi ove i corpi loro dormono essanimati et privi del spirito vitale. et ricordandosi dove moiano et
872 830 3392 911 dove stetteno, et dove i piacere havuti, vanno fingendo, come son dolci pria et poscia come sono acerbi, i successi
872 927 3492 991 della Parcha iniqua: nell'oscurità dell'animi percossi tutta via rammentadosi del dolce parlare di giocendi affetti, ove
886 1015 3406 1079 vedan le liete accoglienze fruite del passato et del presente per molestia lagrimasti et mesti, del perder d'un
868 1099 3446 1197 bel sembiante, si vaneggia d'uno in altro errore, Piangono e languiscono, ricordandosi di quelle luci Ange¬
854 1179 3522 1268 liche amorose et santa mente congionte. Hor mossi dalla pietà, hora dal dolore vaneggino. Sinqui dunque sarà bastan¬
870 1259 3450 1332 za di haver detto della passione che ne rappresentano gli duoi amori nel sepulchro: con ambigue parole varie et
866 1349 3434 1419 gravi cose ci segnificano. Lo primo Amore invocando: Ian Ia, Procilla, fiore di Dionysio. et l'altro rispondendo
880 1435 3450 1515 dice ΤΗΣ ΑΣΥΝ ΚΡΙΤΟΥ, cio, è congiungale fiore di Giglio; di cui Dionysio rimanea privato invita del suo con
864 1506 3490 1605 sortio et concordia. Come fiore accusato et giudicato. percio che ΚΡΙΝΟΥ, viene adire accusato, conciosia che ven¬
864 1580 3494 1689 ghi la parola da, ΚΡΙΝΩ, verbo, che suona, accuso, diem dico, venir ago, deffero et ludico, come usa Homero intale
876 1651 3502 1784 voce. donde viene ΚΡΙΝΟΝ, che significa Giglio, et ΚΡΙΝΩΝΙΑ, liliarum, cespezza di Gigli. che si soleano usare negli
892 1733 3474 1878 apparati convivali negli Triclinij: et sono stati dedicati alla Iride Nympha di Iunone che ha la Tutela della
888 1827 3494 1959 solutione. Dimaniera, che molte cose s'involgono insimile sepulchrale memoria in quelli duoi Amore che mostra¬
878 1939 3478 2033 no giocosi referimenti. in quelli desiderij della humana vita: et nelli dispiaceri della perdita della Negra Morte.
816 2051 3478 2133 Rappresentaci anchora altra occasione quest'altra memoria di due, poco ò nientifelici, sotij ò compagni: de quali si trova la
894 2147 3472 2233 intitulatione, nella chiesa di Santa Maria Rotonda dedicata in una antichita d'uno vecchio edificio alla Santissima Ver¬
876 2227 3512 2327 gine Matre de Dio salvatore signor nostro, la quale si vede fuori dalle mura di Ravenna, et adestra dell'entrata delluo¬
880 2315 3496 2421 go si legge, et si vedeno l'effigie delli duoi che molto s'amavano, in quella antica etate duoi fratelli, che del pari concorsero
876 2399 3516 2521 conla invidiosa sorte che'l oppresse, sendo alumni ò allevati insieme in uno contubernio, in uno alloggiamento d'unovo¬
884 2496 3508 2608 lere, che poscia navigando in una Nave pericolarono: si come furono invita allegri, inmorte anchora congiunti in
888 2570 3532 2708 sepultura: et cosi si deplora nella inscrittione della meglissima morte. Cosi ancho in untempo funerati nel mesto tumulo.
896 2659 3500 2787 sendo chiamati l'uno Lupo et l'altro Apro. Hora del Tempio dedicato alla divina Matre d'Iddio Redemptore. Fù cosa d'uno
880 2759 3544 2885 antico Monumento, che alcuni dicono essere memoria et fabrica di Malasunta Regina, ò come altri dicono, di Iustina Galla. Ma nel
2094 2879 3494 2971 vero noi considerando l'opera e di più alta et antico tempo, pure
2102 2979 3518 3061 credasi come si voglia e cosa delli tempi più illustri, et manco pertur¬
2110 3063 3474 3145 bati che delli tempi di Galla et di Malasunta: ma dichi si fusse
2102 3152 3490 3231 non vi havemo cortezza alcuna se non solo l'oppenioni varij et
2102 3231 3530 3316 incerti. Egli era un superbo edificio, quantunque appena il vuoto non
2110 3313 3510 3414 passi del Diametro à Trenta piedi. E quel che lo fa maravigliiso è
2104 3408 3512 3507 la sua Testudine di un Marmo solo concavo. Con le sue Anse spesse i
2112 3486 3508 3597 Manichi del medesimo pezzo intorno al pinnacolo, conli quili fù
2110 3577 3578 3677 sospesa essa copertura di si gran coperchio. E didentro rotonda come
2108 3661 3520 3760 di fuori: ma in una certa parte foravia faceva faccie dolcemente ot¬
2106 3743 3528 3834 tagone che hora sono stati spogliati i suoi ornamenti, et fattogli de
2106 3822 3520 3911 suoi fodir il suo pavimento opera nova de christiani. Et quella che
2090 3911 3496 3993 hora è fatta per porta fù l'antica Fenestra: et vi hanno aggionte
2076 4001 3532 4083 le goffe fenestrine che non havea. Vedesi disotto la sua vera entrata
2090 4089 3490 4175 sepulta et rialzata dalle rovine. Fu simile edificio nella parte
2084 4176 3560 4279 che si andava al Pharo scorta gia antichissima de naviganti quando
2092 4256 3548 4355 il Mare gia ricentava la città: che hoggidi il Mintone et il Ron¬
2082 4332 3532 4445 cone fiumi l'han'discostata dal litto perla pienezza del limi che
2070 4423 3564 4544 portano et tengono la citta in Isola, congionte insieme fanno la par¬
2078 4505 3520 4632 te del fiume detto Bidente. Hora ritornando all'ornamenti della se
2074 4601 3552 4733 pultura, che hanno i detti Giovani sopra delle teste di essi et
1008 3868 1874 3960 DVO•IVVAN•LVPI•ET•APRI
1012 3946 1862 4024 VNA•IVVANIAE•DOMVS
1014 4040 1866 4090 HOS•PRODVXIT•ALVMNOS
1022 4100 1900 4151 LIBERTATIS•OPVS•CONTVLIT•VNA•DIES
1058 4158 1854 4208 NAVFRAGA•MORS•PARITER•RAPVIT
1136 4206 1766 4256 QVOS•IVNXERAT•ANTE
1118 4266 1774 4317 ET•PVBLICES•LVCTVS
1126 4327 1774 4383 SIC•PER•INIQVA•DEDIT•
