3800 5255
2975 216 3123 266 26
3139 253 3263 315 23
518 380 2890 493 REATE, è citta illustissima di Italia nelli sabini, posta nell'Ubelico di Italia secondo scrive Varrone,
530 467 2884 591 ella è situata sul Fiume Vellino sù un poco di poggio di poca altezza, bella et gran città insino ai no¬
536 555 2882 693 stri giorni. et fu pria edificata dall'Umbri, poscia occupata da latini Aborigini et mesticati con spar
568 664 2890 789 tani che passarono in Italia per carestia del vivere tennero la parte del latio novo circa al sino det
576 743 2892 897 to Amicleno et in Antio, dove apparentanti coll'aborigini latini si stesero in questa parte dela sabi¬
566 857 2870 985 nia Regione dila de Monti Falacrini, habitarono Reate citta allhora degli Ombrici, ò Umbri,
572 949 2876 1057 et Uilumbri. poscia questi cacciati da paesani rimasero sabini venuti quivi dali curitani
564 1033 2880 1145 habitatori di Curis città parimente di sabini crustumini. Hoggidi questa città chiamano Rieti,
560 1111 2888 1233 et delle sue antichita, si trova questa Base rotonda nel mezzo della sua piazza, sopra dela quale
540 1197 2874 1313 fù gia la statua di Sancte Sabinorum, che è il Genio altrimente detto Sango, et alcuni il chia¬
552 1285 2882 1400 mano Genio, altri Enialio, figliuolo di Marte, alcuni vogliono che sia Hercole altri Apolline
542 1374 2904 1480 percio che tutti gli iddij secondo i Mistici sono il sole et questo è Apolline, Ma di questa varieta haven
550 1468 2872 1564 done scritto con longha narratione qui solamente narraremo della bella et maravigliosa pietra di
510 1544 2872 1659 questa dedicatione, dela quale parlarono volentiera si perla vaghezza delle favole che contiene, si perla
538 1636 2868 1737 magnificentia del Marmo, come perla eccelentia del scultore, che dottissimamente lha sculpita con
534 1712 2852 1813 molto figure di basso rilievo, percio che attorno contiene un'ordine, di persone, che sacrificano,
544 1786 2872 1908 et appresso à loro, in unaltra partita vi stanno le Muse, fralequali si ritrova Hercole vestito da Mu¬
536 1868 2850 1992 sa, et esso è quello che fornisce il numero di nove, per che delle muse non visi mostrano, più che otto,
532 1955 2862 2073 et lui nove,e livestimenti di cui egli è vestito, sono sottilissimi che si scorgeno i suoi rilevati mem
548 2035 2842 2150 bri, et porta la clava in mano, et la pelle del leone intesta colvolto ordinario, che si suolefare à lui
520 2119 2856 2240 colla barba crespa: et folta. Laqualcosa non vuole dire altro, chequel significato perlo quale egli si
542 2201 2876 2329 usurpa col cognome di MUSAGETE, che à noi tanto suona come à duce dele Muse, come tutti i poeti
534 2292 2870 2419 glielo danno. La maniera dunque dela scoltura di essa Base è Greca: et dinanzi tiene sculpiti quei
522 2374 2922 2519 versi qui copiati. Questo Lucio Munio, di che le lettere parlano, hanno voluti alcuni, che sia Mum
516 2463 2890 2603 mio che disfece corintho, et s'ingannano, percio che si trovano duefameglie la Munia, et la Mum
520 2551 2880 2705 mia, che hanno non so che del suono medesimo, ma sono differenti, come sono i Cafurnij, etli
520 2633 2862 2788 Calpurnij, che vengono da sabini in Roma. Et non è dubbio alcuno, che nell'antichi Fasti Mum
504 2707 2842 2865 mio si chiamava quel Lucio che rovinò Corintho, come si trova ancho, presso di questi scrittori,
520 2787 2854 2959 Plutarcho, Appiano Alexandrino et tutti gli altri historici che di lui parlano: in ogni luogo si trova
500 2867 2812 3039 Mummio, et non Munio lo quale conviene esser questo, non quello ma unaltro. È da notare ancho
516 2955 2828 3115 quel ultimo verso quella ortographia di ATQVE, percioche da moderni si scrive ADQVE, la qual'
496 3033 2838 3221 maniera è goffa, et si comincio à scrivere per .D. nei tempi di Iustiniano ò poco più arretro: ma
504 3127 2852 3321 col .T. altempo di Augusto si scriveva come si puo discernere in molti antichi epithaphij di quel tempo più
498 3227 646 3297 antico.
2598 3327 2830 3409 Scrive Dio
2565 3416 2836 3494 nysio Alicar
2560 3501 2860 3586 nasseo, che Rea
2552 3605 2852 3672 te fu edificata
2556 3689 2834 3766 ancho dali Oe
2550 3785 2818 3861 notri, et dall'
2556 3875 2844 3961 Umbri, ove nel
2538 3973 2834 4061 colmo della citta
2512 4079 2812 4159 fecero il Tem
2516 4171 2838 4247 pio di Pallade.
1048 3618 1542 3700 SANCTE
646 3689 2264 3797 DEDECVMA•VICTOR•TIBEI•LVTIVS•MVNIVS•DONVM
650 3755 2146 3859 MORIBVS•ANTIQVEIS•PRO•VSVRA•HOC•DARE•SESE
660 3820 2206 3929 VISVM•ANIMO•SVO•PERFECIT•TVA•PACE•ROGANS•TE
658 3895 2154 3986 COGENDEI•AC•DISSOLVENDEI•TV•VT•FACILIA•FAXEIS
658 3957 2266 4044 PERFICIAS•DECVMAM•VT•FACIAT•VERAE•RATIONIS
654 4018 2278 4106 PROQVE•HOC•ATQUE•ALIEIS•DONIS•DES•DIGNA•MAERENTI•
