3800 5255
1530 249 1898 327 DI ROMA.
926 369 3362 477 perle gran dignità ricevute da quello: onde egli di poi che sendo fatto imperadore: et vendicata la morte di pertinace
928 460 3344 575 pose tragli Dei il suo figliuolo Commodo: percio che esso Lucio septimio, come scrive Elio Spartiano, sendo
936 555 3350 653 venuto dal detto Imperatore Antonino à Roma di eta di deciotto anni, domando illato clavo, coè la veste et or
942 645 3388 737 dine senatorio, et da esso Marco Antonino lhebbe: di piu hebbe il Tribunato dela plebe peropera et favore
942 747 3394 835 del medesimo imperatore, et lo essercitò congrandissima severita: et diligentia: Appresso fù disegnato pre
930 855 3382 923 tore, non gia candidato: ma chiamato trala moltitudine de competitori Pretore. havendo anni della sua età
922 949 3384 1015 trentadue, et perciò esso Severo come ricordevole: per segno di bene mento, come se fusse della istessa parente
928 1045 3388 1109 la, chiamo primieramente Bassiano Caesare Antonino: anzi comesi legge nelle medaglie il chiamo Marco
928 1147 3400 1219 Aurelio Antonino: et questo fece per darle il secondo luogho nel'imperia le luogo doppo lui come porimo successore
926 1243 3390 1311 et privarne Geta suo fratello dallato di padre: accio che Geta havesse speranza doppo Bussiano: alla succes
932 1332 3386 1403 sione: il che non succedette. Concio sia cosa che septimio sendo in punto di morte nella Brittannia lascio,
918 1435 3398 1495 Hesedi et Geta et Antonino; i quali nel'ritornare à Roma gia mai non siparlarono, tanto era nato odiò tra
918 1525 3370 1591 loro: Finalmente sendo giunti inde brad ethavendo consecralo Severo loro padre: Antonino deliberato,
926 1612 3384 1681 di uccidere Geta, ammazzollo per regnare solo. Dimaniera dunque, che l'odio crudele et intestino trapa¬
934 1707 3360 1771 renti incomincio dall'ordine paternò istesso, per cio che à septimio Comedice Herodiano piacquero piu li
924 1803 3382 1871 vitij di Antonino caracalla suo figliuoli che l'e altrui virtù. E gli adunque inquesta sua adottione come
922 1885 3350 1963 il marmo ci significa, egli si Faceva chiamare Figliuuolo di Marco Antonino, et suo figliuolo denomino
920 1997 3364 2063 Marco Aurelio Antonino come in esso fusse scritta la memoria del buon Narco: et inlui propagata.⁓ per
930 2093 3376 2161 cio che come narra ancho spartiano severo vidde insogno, che Antonino gli dovea succedere nell'impe¬
926 2179 3368 2247 rio, et lui applaude alla visione. Onde alcuni pensano per questo che Publio Geta secondo suo figliuolo, fus
930 2277 3340 2339 se ancho detto Antonino, et poi lo lasciasse sendo fatto Cesare Augusto, et dicano ancho che Severo istesso
926 2367 3376 2433 volle intrare nella fameglia et casata Aelia di Marco Antonino: et per affettare à tale darentato, d'indi
924 2461 3368 2529 egli nel senato è presso al popolo lodo commodo, et comando, che Divo fusse chiamato: dipoi edificato,
920 2549 3376 2613 ch'egli hebbe pertinace prese il cognome di quello, non tanto per sua voluntà quanto che per seguitare
926 2633 3358 2703 la parsimonia de costumi, per che lo havesse vendicato. Si che egli doppo morte lasciò duoi figliuoli
926 2727 3348 2795 cio è il sudetto Bassiano Antonino, et Publio Geta: et volle che questi lo sepellisse per divotione dentro
918 2805 3368 2881 il sepulchro di Marco Antonino, qual tra tutti gli imperatori tanto grandemente osservò vivente: et
926 2907 3372 2973 commodo suo figliuolo, come habbiumo detto pose tragli Dei. Et si credette che perhavere dotati i figluo
936 3003 3370 3075 li di si degno nome dell'Antoniana Fameglia s'ingegnassero di imitare et parere infatto delli costumi
928 3095 3372 3171 del duo Marco.⁓ et quivi s'inganno: conciosia cosa che per crudelta Antonino bassiano trapasso, commo
928 3189 3332 3269 do: percio che imito l'odio di Thideo et di polynice: che per causa d'imperio violarono l'un l'altro, cosi
922 3289 3340 3357 etiandio esso Antonino Bassiano, per regnare facilmente odiando la bonta di Geta l'uccise et prese permo
914 3379 3356 3447 glie lamadre, che quasi le sanguinava la veste dell'ucciso figliuolo, che ingrembo alei mori: caden
944 3467 1720 3539 do sotto il Gladio del Fraticida.
1172 3891 1506 3940 CO
1506 3906 1536 3943 RA
1170 3950 1522 4015 QIACIC AICCHXAPIC
1162 4030 1504 4097 CIAE MEMCICCIC
1142 4097 1530 4163 TOCONMCICH OCIHI
1178 4163 1522 4217 OCCONCTGCEQIACI
986 4503 1672 4563 incameo antico poste trale cose belle
992 4571 1368 4627 di Monsignor Gadi.
