3800 5255
808 291 3486 382 RARIO, Rarium, et ΡΑΡΙΟΝ, è nome di Poggio, di luogho illustre et di edificio, et di Tempio et claustro in Eleusina.
866 377 3484 459 opera degli Eleusini populi d'Eleusi città nell'Attica, dove si adorava Cerere Raria. Come luogo consecrato
872 463 3478 547 alla Madre Cerere Eleusina, ove pria mostro il frumento all'antichi nell'uso della coltura et della divitia, et
872 547 3434 638 mostro l'uso da fare le pizze ò focaccie, et la Farratione. Onde la dissero Raria Matre, inquesto suono,
874 639 3508 726 ΡΑΡΙΑ ΜΗΤΗΡ, et ΡΑΡΙΑ Η ΑΗΜΗΤΗΡ, et vi veneravano Apolline, et Ptriptolemo predicattore delle frugie
858 733 3496 817 cereali. per che dicono che Cerere albergo con Raro Aare di Triptolemo et di Baubona, fanciulla che ralle
858 817 3496 899 gro Cerere perle sue burle. Et dal medesimo luogo fu detta Ravia Diana. Et scrivesi Rhario per spira¬
874 901 2044 988 tione come, è detto piu oltre nell'altro suo luogo.
