3800 5255
3083 192 3211 307 67
3092 295 3214 419 64
1373 203 1769 337 DI ROMA
444 319 2916 443 Prosso quest Ara, vedemo cose che ammuniscono gli huomini che debbano fare inquesta vita de mortali piena
458 422 2927 534 di piaceri et di spaventi et di cose buone et mali, et come la morte ai buoni et prodenti fa poco male et alli
468 501 2940 609 cattivi è oblevione, et mutatione come si muta la buona stagione nella cattiva et la cattiva nella buo
467 571 2907 706 na, et il fine nostro come puote essere buono, et cattivo, et come è meglio la vita nelle virtù che'l piacere
470 700 2926 810 nel vivere lecensioso. La quale Urna ò Ara futolta dali Monumenti dela Via Appia et portata nella Vi¬
468 765 2927 882 gna di Medici, et d'indi ancho è stata alienata: Or come veggiamo. perla faccia dela Gorgona, che èla
471 847 2937 953 Virtu Minervale che porgeterrore altrui, ci dimostra la prudentia et fortezza di chiunche è virtuoso.
479 924 2929 1072 Perli ucelli pelasgi che gli devorano i serpenti che ha attorno alcapo ci dimostrano le persecutioni, che à
470 1017 2917 1168 guisa di ladroni et di pirati ciassaltano, come quelli Ucelli sono avidi di predare i serpenti, cosi so
464 1106 2920 1251 no avide le occasioni de predoni, che sono i vitij, che deturpano, le cose buone. La onde lhuomo deve ha
488 1216 2932 1351 vere vigilanza intenere conla prudenza guardote le buone o pere, le quali sono figurate perli frutti.
484 1321 2918 1416 i quali conservati giovano, come giova la facculta dellhuomo quando è utile, che aiuta vivente ti
474 1403 2923 1515 suoi et doppo morte al generale et universale dela posterita, quando quella ricorda le virtù dell'antias¬
468 1509 2944 1600 sore, ch'è stato huomo Virtuoso. Ammuniendo dunque gli huomini à far'bene, ci figura la mutatione
489 1564 2925 1671 delle cose come celo significa la lacerta, che si rinova la luce et laspoglia...ogni prima statione et si ser
471 1654 2930 1766 ve dela luce delsole, che è ottimo alimento. et per che la vita nostra è piena di frivolezza, vi ha fatte le
483 1732 2936 1852 Farfalle che sono tenerissime et attendono, sempre alla spetie et alla loro prole, mentre sono giovani
482 1839 2028 1952 nanzi che la primavera passa hanno produtta lageneratione
1913 1796 2579 1872 et preparato il seme diloro spetie
1993 1834 2949 1932 .et per che ogni cosa è facile et mortale
485 1885 2942 2010 vi è la imagine dell'ossa dela forma humana. lLa quale è spogliata dala Morte d'ogni sua bellez
472 1972 2935 2083 za et vigore, et cosi la natura s'applaude et chiama ciascuno a quel fine. et essendo il corpo humano
495 2041 2926 2199 spogliato, dell'anima et spolpato dela carne giace invalido, come è una invalida et sassosa terra
485 2149 2934 2303 che non piu produce cosa che buona sia. Percio lhuomo dovendo guardare al suo fine, debba fare
2183 2213 2920 2333 cose, che obleviano la morte
2217 2304 2932 2432 come la morte confonde fa
2202 2390 2952 2525 carne et deve dunque attende¬
2207 2488 2926 2628 re alle cose dela fama che
2228 2587 2940 2705 vince la morte. et si dee in
2208 2669 2960 2801 le cose immortali et degne di
2221 2757 2941 2890 corona et di trionfo atten¬
2235 2855 2955 2960 dere et studiare, et per questo
2235 2937 2996 3070 vi è l'arboro del Lauro, come che
2222 3030 2995 3173 si debba attendere alle cose dele
2221 3125 3008 3265 Muse: alle arti che sono piu otti
2224 3216 2990 3370 me et piu laudabili: et non fa¬
2241 3310 2984 3443 re come fanno le Herbe chia
2227 3420 3004 3555 mate Camacysse et Camulee,
2241 3508 2988 3647 che non si inalzano da Terra,
2253 3600 3004 3734 ma far come fanno le piante
2253 3699 3023 3842 che inalzano verso il cielo, et
2238 3811 2992 3943 par che di quello si godano: et
2256 3898 2994 4044 imitare le piante fruttifere
2230 4005 3023 4142 che sono dela bellezza dell'utile
2222 4093 3028 4227 et lasciare quelle che sono acerbe
2219 4191 3064 4322 et dissutili et spinose et infrut¬
1868 4235 3066 4377 tibili che sono dedicate alla ingratitudine.⁓
406 4363 3049 4478 et questo moralmente secondo li stoi ce insegnano ci significa il secco schelato ò ΣΚΕΛΑΤΟΣ, dell'ossa et cadavero,
423 4450 3045 4558 del corpo, denotando essere fatto inutile, et terreo, et uvoto come, è vacante il vaso, che non piu hasostanza, sesi non
437 4529 3010 4660 piu quel corpo humano che vivea quivi sepulto, ha il core nell'anima, che lo faceva vivere: ma solo la fama
427 4606 2228 4746 pote vivere, et l'essempio de buoni farsi immortali. et superar la morte.
897 3103 1410 3206 DIS•MANIBVS
773 3158 1429 3281 ANTONIAE•M•F
848 3211 1449 3296 PANACES•VIX•AN•IX
862 3262 1375 3335 MENS•XI•DIEB•XIII•
752 3289 1417 3413 FILIAE OPTIMAE•ET
927 3350 1272 3426 PIISSIMAE
760 3356 1489 3499 M•ANTONIVS•PAL•ALVPVS
898 3444 1365 3502 PAPINIA ZOSIME
975 3475 1303 3576 FECERVNT
