3800 5255
3196 132 3304 294 98
3070 226 3174 400 95
1086 243 1438 312 DI ROMA.
298 353 2930 464 Si vede pure perle antichita come Roma è stata madre di tutti le nationi et recetto de tutti gli Dei di quei tempi che
320 447 2922 572 hebbe l'imperio delle piu belleparti del mondo. Ordunque cavandosi in un deverticolo della Via Valeria, per trovare
300 557 2914 680 de marmi per far calcina, furono scoperte queste due Basi, et rotte per l'uso che habbiamo detto, ove appresso di
324 659 2898 784 un muro edificato di sassi quadrati si leggevano le medesimo lettere. et come dimostrano vi è uno epitheto dato
312 757 2902 894 à quella Dea di Artempasa, che non è altro che la celeste Venere; il quale è molto raro et nuovo, onde pi pare
316 855 2920 1000 come per mio debito difare questa breve annotatione, indichiaratione di questa Dea divota di quelli artefi
330 969 2902 1098 ci che mostrano i loro segni con quelli istrumenti dela loro arte: cosi adunque per che sia piu chiara, non
328 1069 2922 1192 senza auttorita d'antico scrittore, porremo per autorita la sentenza di Herodoto; di quelluogo la dove
330 1167 2914 1290 egli parla, et di questa et d'alcuni altri Dei, con altri epitheti, il che farà approposito accadendo trovar di
336 1275 2910 1376 simili cose, nele antichita. Le cui parole dunque del quarto libro suonano cosi nelle cose de Scythi et di
334 1371 2926 1466 loro leggi, et costumi. Gli suoi Dei sono questi, Vesta principalmente: Iove dapoi: et Tellure mo
322 1479 2934 1557 glie di Iove. Adorano anchora Apolline, et la celeste Venere, et Marte et Hercole. Tutti li Scythi han
324 1578 2936 1639 no questi Dei. Ma gli Reali sacrificano ancho à Neptuno. Appellano Vesta inla sua lingua, ΛΑΒΙΤΙ, cio è
324 1663 2936 1742 fuoco. Iove, ΠΑΠΑΙΟΣ, che viene adire Aere ò cielo, alla Terra cio è Tellure dicono, ΑΠΙΑ, Apolline che
334 1759 2928 1842 è il sole appellano, ΟΤΟΣΙΡΟΙ; la celeste Venere cio è la natura generante, ΑΡΤΗΜΠΑΣΑ. à Neptuno
340 1863 2914 1940 che è il Mare dicono, ΤΑΓΙΜΑΣΑ. Non fanno simulachri non Templi, e non Altari ad'alcuno di questi Dei
366 1971 2906 2046 eccetto à Marte: et tutti i sacrificij loro fanno ad' un modo solo, il quale è questo: Menano la Vittima
370 2073 2906 2146 conli piedi davanti legata, il sacrificatore gli sta di dietro, il quale la ferisce nela cima dela testa, e nel cade¬
370 2173 2908 2246 re invoca quello Iddio per nome acui fa il sacrificio, et posto che ha posto un laccio alcollo con un Bastone
374 2263 2960 2360 la strascina intorno: et come, è strangolata lispoglia la pelle, et quellabestia cuoce, è ponese à mangiare, non
384 2355 2924 2446 facendovi piu altre parole, ne ceremonie, ne di fuocone dilibamenti. Ma perche inscitia non sono legne
390 2451 2954 2556 ò pure vene sono poco, cuocono la bestia, conle ossa ardendo quelle, per che pria spolpa la carne da quelle, et
360 2573 2980 2654 sene serve perlegne, ha vendo posto primieramente la carne in un labete Vaso di Bronzo. i quai labeti sono fat
374 2667 2934 2752 ti aguisa di cratere lesbiane, ma sono maggiori, che sono certi granconche. Si che questo è il rito descritto
358 2765 2926 2848 da Herodoto Alicarnasseo, lo quale ancho si stende piu oltre di questi costumi: ma sia detto qui abastanza in
376 2869 2936 2948 questo proposito dela Artempasa Dea che è la celeste Venere, et il resto si puote vedere presso deli segnali
366 2959 1702 3038 del carcasso et l'Arco, et le colombe sotto poste à Venere
598 3521 1418 3626 ΘΕΑΙ•ΑΡΤ•ΙΜΠΑΣΑΙ
610 3645 1422 3752 ΤΙ•ΙΟΥΛ•ΠΑΜΦΙΛΟΣ
602 3757 1418 3862 ΑΠΕΛΕΥΤΕΡΟΣ•ΣΕΒ
792 3893 1350 3980 ΑΝΕΘΗΚΕΝ
1994 3531 2688 3626 ΔΙΙ•ΠΑΤΡΙωΙ
2014 3635 2672 3742 ΚΑΙ ΑΡΤ•ΙΜΠΑΣΑΙ
1992 3731 2698 3844 Μ•ΟΥΑΛ•ΠΟΛΕΜωΝ•
1980 3833 2694 3928 ΑΠΕΛΕΥ•ΣΕΒ•ΜΑΡΚ
1978 3924 2688 4011 ΟΥΛΠ•ΤΡΑΙΑΝ•..........ΣΤ
2066 4016 2584 4085 ΑΝΕΘΗΚΕΝ
