3800 5255
3032 174 3136 240 23
3184 251 3286 315 20
1088 238 1574 308 DI RAVENNA
436 364 3108 474 di Lupo et di Apro. Ove si vedono duoi Delphini, et la Gorgona. Che secondo il nostro parere, sono simulacri po¬
426 452 3064 560 sti ammuniendo gli huomini; come la vita nostra et assimigliata al mare, che sempre con improviso turbine
428 548 3084 644 annuntia il periglioso varco, et quello horrido stuolo delli gravissimi perigli, tutto viaggio, et piazza larga
422 641 3068 728 et profonda della trista sorte. et solo la prudentia, è quella che rintuone et fà cauta la vita di ciascuno, et
444 725 3076 816 à chiunche la prudentia, è nascosa, gli è spavento et Terrore. per cio che sempre in ben provista Nave si con
414 812 3068 898 viene navigare. et pratticare la mondana mercantia: senza lasciarsi togliere la prudentia, come concio
426 898 3080 975 sia cosa fù tolta à Medusa figliola di Phorci Re del mare, dalla forza et vigilanza di Perseo figliuolo di
426 982 3064 1055 Iove. et del sangue della Gorgona impi di serpenti atroci di mortale veleno tutta la Lybia. Di maniera
424 1062 3080 1144 sinqui ne ammonisce è significa, che la prodenzia giova, et la trascuragine somerge et soggofa la vita
424 1146 3084 1237 di ciascuno nel mare del periglio, et del pianto: et aduce lutto et publica mestitia, cosi dunque i Delphini sono
416 1234 3060 1315 della Tempesta et dell'Amore cavalcati nei nostri desiderij, che ci recano piaceri et pericoli dalla matina alla sera
428 1316 3068 1406 et de dì et de notte semo assaltati, hor dall'una dilettatione, hora dall'altra per accidenti vengono i piaceri et gli di
414 1408 3096 1486 spiaceri che ci muovono, et ci tirano con varie lusenge ad amare le humane cose, et cosi alfine de nostra vita non
402 1519 813 1557 senza tempesto
784 1458 858 1512 so
813 1519 1530 1553 mare et oscura perturbatione.
1474 1467 1574 1505 si muore
1530 1509 3062 1555 il Leone ce significa la Vigilanza et la fortezza nella quale la
412 1591 3048 1650 generosità deve fundarsi con una degna et honorevole Fatica insino alla morte, vivere della salda Virtù con
410 1669 3052 1740 stante et forte. Percio che in ogni grado la generosità et la Fortezza giova et fà l'huomo probo et buono agli huo¬
412 1754 2990 1836 mini, et si fa degno di memoria. et questo denotava secondo gli Aegyptij il leone come dichiara Oro Apolline Niliace.
310 1864 3078 1952 Trovasi nella chiesa di Santo Severo in Classe, questa sottascritta intitulatione, che come si vede perlo modo del scrive¬
1150 1956 3050 2036 re et delli caratteri è delli tempi antichi, ma molto recenti anoi, et vi è scritto
1154 2044 3126 2128 Dalmata Natione, perla .A.che gia ne tempi buoni antichi si scriveva perla .E.
1150 2128 3122 2218 Delmata dalla Delmatia Regione, che finalmente si vede, che è stata detta Dalmatia
1166 2218 3114 2308 come usa hora il vulgo, et Delmata la nazione, gente italica che nellaClasse Roma¬
1156 2312 1504 2376 na Militava.
432 1948 480 2016 D•M
448 2051 1016 2121 LAEGANIVS
458 2144 1000 2208 LARGIVS•NAT
450 2237 879 2288 DALMATA•
493 2177 566 2235 SIC
879 2233 1006 2286 VIX
454 2306 1008 2358 ANN•XXXXV•
442 2375 1026 2438 MLL•ANN•XXII•
426 2457 1016 2510 C•ANTONIVS
608 2527 832 2575 SVPER
426 2576 1006 2635 C•SERTORIVS
502 2648 1014 2709 VALĒS•H•P•C•
390 2792 3024 2916 Fù gia trovato nella Villa di Sanpietro in Vincola fuori di Ravenna, et traportato nella città incasa dalli Rugini.
1698 2916 3042 3036 Lo quale sitrova molto mutilato. Ove sono interi quelli effi¬
1686 3014 3014 3140 gie, et conli nomi imperfetti. Vi è la Gorgona, come è detto,
1680 3114 3106 3246 imago della prudentia che reca Terrore et spavento data alla Virtù
1692 3210 3068 3342 dell'huomo Militare. I Leoni medesimamente denotano la for¬
1690 3314 3036 3453 tezza et la Legalità, et il Vigore del forte capitano. Come vera
1676 3416 3042 3529 mente si conobbe presso de Romani chiara la Virtù constante
1678 3524 3038 3652 et forte ne primo Caio Mario, che fù settevolte consolo, et
1668 3630 3034 3752 triomphò di Cijmbri di Tentoni, et del Bello Iugurthino della
1660 3740 3078 3882 Numidia. Lo quale fù di origine Latino Arpinate, et d'indi venne
1660 3844 3052 3990 à Roma lo suo ceppo; et poscia per Italia et particolarmente nei
1654 3978 3014 4088 coloni Ravennati dedutta la gente d'essa Maria Fameglia.
1658 4080 3058 4196 Ove in questa memoria sivedono della stirpe libertina, che
1660 4188 3022 4320 in Ravenna militava come si trova in altre memorie di
1611 4285 3056 4411 simile Fameglia in molte altre colonie dedutte in diverse parti
1602 4377 2028 4450 dagli imperatori.
391 3242 1464 3327 VIVVS•FECIT•SIBI•ET•SVIS
541 3590 1349 3684 C•MARIVS•C•L•CLEMENS
533 3638 1356 3735 MARIAE•TESPIAE•L•SABBATHIS
483 3990 1332 4092 C•MARIO............................
482 4032 1329 4137 AGILI•LIB........................
493 4372 766 4436 ..............
