3800 5255
912 381 3458 488 Mosta la scoltura di questa Ara trovata nelli Monumenti dela Via Appia lhuomo per cui fu dedicata cosa
936 465 3478 574 di persona dedita alle cose poetiche Dramatiche. percio che le Maschare che visono et il pedo pastorale dando
936 564 3454 673 ad' intendere simili compositioni. per cio che tali argumenti sono discritte sotto dele amascherationi. Percio
920 631 3446 768 che come scrive Herodoro Heradeoto pintico grammatico et commentatore, posto nella libraria di Ridolfi in
938 735 3456 860 Roma il pio cardinale. Lo quale commenta alcuni Enigmi ; et a certi suoi propositi dice che della Drama cio
940 823 3466 952 è Maschera fù inventore Protheo, che trovo il contrafare le persone, per detrattare dell'altrui difetti, per diletta
954 931 3458 1044 re trovò la trasmutationi del vestire. et per intertenimento dele schene Theatrali trovo le saltazini i salti mor
942 1019 3466 1134 tali et maravigliosi. Poscia le seguito Typhone huomo et Re superbo et crudele, per dilettarsi inlui, et farecose
958 1107 3462 1224 contra del Fratello Osiride. per che Typhone fù didiversa natura da Osiris. per cio che attese alle scaené,alle
950 1209 3482 1306 ammascherate alle trasmutationi, al travestirsi, trovo lispaventi et gli horrori et le cose Tragiche inalzo, et fece
950 1307 3450 1408 da dovero delle Tragedie, onde Iove Aegyptio anchor lui per fuggire le sue insidie imitando il cui trasvestire si
948 1399 3428 1508 amaschero et ascose dentro à pelle d'Ariete, donde è nata la favola di Iove mutato in Montone. et tali
964 1513 3450 1598 tragiche rappresentationi dispiaccoro ad Osiride nell'uso che le usava il scelerato fratello. Ondefu dedito
964 1613 3474 1694 alle virtù alle cose piacevoli alle Muse. et fu lo primo che mostro presso di se alpopolo suo le Donne chiama
962 1707 3490 1776 te Muse. Et Epicarmo, et Daedalo furono li inventori presso de Greci di farele scene colle ammascherate
968 1795 3454 1874 et fare cose varie usate nelli Theatri, et nelli sacrificij di Bacchio Osiride, et nelli sacrificij nelle pompe di
968 1891 3466 1966 Iside: et per dilettare et per contrafare le cose dela terra che tutte se amascherano doppo le raccolte defrut
954 1983 3446 2060 ti et nelli Theatri contrafacevano alcune sorte di persone perle quali si rappresentavano le materie de
958 2087 3456 2146 suggetti comichi ò Tragichi, ò Satyrichi. et usavano incio la Drama, ò vogliamo dire Maschera. et
960 2179 3468 2242 Daedalo fulo primo, che sculpi la Drama nelle mani dela Tragedia,et dela comedia, et alle Muse, nelle
958 2267 3448 2336 comiche attioni de poeti, cio è di coloro che composero cose Dramatis, ò la, ΔΡΑΜΑΤΙΚΑ, onde furono
968 2361 3468 2460 chiamati Dramatici, come fu Dramaticus detto Aeschilo, et glialtri. et d'indi fu detto il Dramatico Style.
962 2459 3448 2552 et tutti i greci presero da queste inventioni, et le usarono in alcuni sacrificij, ne giuochi Lydij, nelli sa
964 2557 3466 2650 crificij di Baccho et d'Iside, et nella Festa Phallogogia Dionysiaca, et nella Ascolia Saltatione, quando
980 2649 3450 2732 nelli Theatri saltavano sul Utri gonfiati deii Aschi. Or dunque inquest'Ara, come in molti luoghi
2302 2747 3434 2812 dell'antichita di Monumenti si vedono le Ma
2290 2837 3464 2904 schare finte conla bocca aperta et contutto il
2286 2939 3468 3008 coprimento del capo. per che fussero facili à trasmu
2300 3037 3456 3106 tare. et à potere cantare et suonare, percio che
2280 3131 3440 3200 le recitationi dell'Hystrioni cantando dicevano
2304 3213 2938 3290 i loro concetti facilmente.
1080 3005 1890 3082 Μ•ΑΥΡΗΛΙΟΣ•Μ•ΑΥΡΗΛ
1104 3094 1850 3157 ΣΕΒΑΣΙ•ΑΠΕΛΕΥ ΘΕΡΟΣ
1204 3168 1744 3237 Ε ΠΑΦΡΟΔΙΤΟΣ
1260 3489 1708 3568 ΘΕΙΣ•ΚΑΘΑΧΤΟΝ
2502 3359 3256 3422 Nella casa di M. Mario de Oddi
2472 3464 3164 3518 IPHIGENIA•SVAVIS•HAVE
2554 3536 3080 3586 VIX•MENSIS OCTO
2482 3661 3238 3726 Nell'Horto di M. Iulio Tamarotio
2576 3751 3096 3794 HAVE HYGIA•ANIMA
2578 3817 3122 3856 DVLCISSIMA•EIDIAE
2582 3864 3088 3908 SECVRISSIMAE•QVAE•VIX
2566 3908 3110 3962 ANN•XVI•SIT•TIBI•TERRA
2746 3956 2876 3995 LEVIS•
2498 4009 3092 4075 Trovata nella Via Latina
2646 4093 3070 4136 MACEDO•HAVE
2488 4141 3072 4188 BENE•VALEAS•QVIQVIS•ES
2484 4203 3064 4251 FECER•C•MODESTIVS MACERO
2626 4263 2944 4300 PATRI•PIISSIMO
2482 4295 3058 4350 ET•FORTVNATA•CONIVX
2478 4356 3086 4410 CVRANTE•RVFINO•COLLIBERIO
