3800 5255
3154 98 3256 203 91
3082 236 3182 335 88
1116 158 1444 232 DI ROMA
444 302 2872 414 Rovinandose le rovine d'alcuni monumenti nella Via Latina, tra l'altri epithaphij fu trovata questa Memo
476 400 2866 518 ria del sepulchro di Caio Telegennio optato lanthe, Viatore questorio et scriba deli libri questorij
478 504 2908 616 di tre Decurie. La quale memoria ha inse alcune figure di cose morali. Percio che nellato destro, è un pie
474 603 2894 719 di Lauro come è nel sinistro. Ove sono alcuni Augelletti che si nodriscono di suoi semi, et apie del Lauro è
494 696 2878 801 un Pelargo cio è Cicogna, che becca un serpe che escie da un' Teschio di bove perli occhi et si mette come
484 791 2900 886 infuga abeccare, che parche ci voglia significare perla testa del bove condutta in uno osso la fatica demor
494 875 2894 968 tali, et il serpe la prudenza et la custodia la vigilanza il mordimento dell'intelletto. et la cecogna la av
496 964 2894 1061 vidita che cerca pascersi di cose inche la natura l'appetisce: quasi che voglia dare ad'intendere, chel
476 1051 2932 1151 huomo nella sua fatica dee procurare quel che è piu utile alla sostanza et piu faticosa et piu vigilante per
2212 1140 2890 1217 sostanza virtuosa, come fece
2200 1228 2912 1301 Hercole che si diede alla fatica
2206 1349 2908 1409 et cura delle Muse. Dallato
2200 1427 2878 1493 sinistra appresso al medesimo
2188 1522 2890 1594 Lauro si vedeno die altre ceco¬
2190 1620 2870 1694 gne; l'una becca la coda d'una
2188 1718 2910 1790 lucerta, et la violenta, l'altra
2174 1818 2910 1892 finisce di devorare un animale
2190 1920 2918 1998 insino all'osso et spino. Significan
2182 2021 2904 2086 te le cose dela vita, che confatica
2182 2105 2914 2170 et con travagliosi stragi si rode
2172 2199 2914 2265 nel le mondane cose, et si consu
2176 2307 2924 2377 ma coltempo, et si muta per vio
2186 2399 2962 2465 lenza. et solo la virtu, è immor
2246 2485 2920 2553 tale, ande vi è il Lauro, che
2256 2578 2930 2650 è la vittoria et le cose Apolli
2270 2677 2938 2753 nari et le Muse, le qualifan
2234 2766 2908 2838 no che l'anima si nodrisce
2218 2864 3130 2948 Perlo mezzo dela fatica virtuosa di cose
394 2967 2916 3032 immortali: Percio che perlo lauro si denota la virtù nobile et nodritiva nelle cose piu eccellenti, il pelargo, ò ce
530 3049 2920 3112 cogna che afferra il serpe, è la pieta che si desidera nelle cose sostantiali. et prudenti. percio che esso Augel
520 3138 2926 3209 lo nodrica la madre et il padre invecchiati, come deve colla virtù il figliuolo fare il simile cercando dele
524 3226 2916 3301 cose prudenti. Et il lacerare della Lacerta, ci dimostra che la vita è mutabile, conciosia cosa che la la
548 3312 2932 3394 certa è figura dela mutatione dela vita come dice Tertulliano, alla cui mutatione si dee procurare
534 3399 2908 3472 le cose che piu sono laudabili, et di quelle nudricarsi. Nella parte di dietro cio è nel Tergo della
542 3489 2928 3553 medesimo Base, ò Ara che si sia, vi è sculpito come una porta d'un' Tempio chiusa con due pilastri
548 3569 2920 3649 con lo suo fronte spitio. et nel cui mezzo del vano di esso sono tre cose, una cratera, ò Tazza, l'orceo¬
556 3653 2892 3727 lo versato atterra, et illituo, che mostrano cose dell'Augurij, et sacerdotio, come che essa Ara era fatta
540 3746 2902 3836 per sepultura di alcuno Augure: ma poscia servi à quel Caio Telegennio optato lanthe, Viatore
554 3840 2938 3920 questorio, pagato dal publico per servigio dell'Aerario, et scriba delle tre Decurie. Le quali Augusto
544 3918 2924 4016 le aggiunse, et vi fece gli Ducennarij, per servigio delle Decurie, dequali nuovi officij parla
568 4012 2916 4109 Svetonio, in Augusto et in Claudio imperadore. Ò pure la scoltura di essa porta del Tempio si
560 4110 2916 4195 gnifica la cura che havea costui nella Quaestura, del Santo Aerario, che si costodiva, nel Tempio di Saturno
566 4210 2908 4284 come cosa inviolabile. Ò pure significhera la consecratione per reverenza dell'Ara, come dedicata
552 4298 1700 4374 all'iddij, ò Genio dela fameglia di Telegennij.
846 1622 1330 1698 DIS MANIBVS
742 1782 1382 1862 C•TELEGENNI
774 1894 1356 1966 OPTATI•LANTHI
752 2010 1442 2082 VIATORIS•QVAESTORI
792 2110 1378 2192 AB•AERARIO•ET
764 2210 1446 2286 SCRIBAE•LIBRARI•QVAESTORI
826 2312 1430 2384 TRIVM•DECVRIARVM
