3800 5255
3042 201 3178 262 48
3150 298 3276 352 45
1310 257 1674 327 DI ROMA.
486 415 2914 489 Adi nostri cavandosi nelle rovine della Via Lavicana, furono scoperti molti epithaphij: ma rovinati et spezza
540 510 2894 582 ti tanto, che non si potevano mettere insieme per essere i pezzi dessordinati da i cavatori, fra quali era anco
534 602 2888 666 rotto questo di Aurelia Vera Maximilla, la qual memoria gli fu fatta da tre suoi liberti, da Caio Aurelio
542 688 2900 755 Moschilo, lo quale è quello col Ventaglio in mano attorno del letto dela padrona, et da Aurelia Aphrodisia et
522 773 2896 841 da Aurelia Tyche, le quali demostrano maciare nella cena Stygera, cio è Mortoria: come era per costume
534 861 2912 935 presso de Greci cenare attorno al corpo morto, et fare quivi lo protaphos Dorpos: che alcuni dicono ΠΕΡΙΔΕΙΠΝΟΣ,
524 951 2904 1031 cio è cena fatta attorno al corpo del morto. Altri ΠΡΟΤΑΦΟΥ. La onde ΤΑΦΟΣ dicono i commentatori Grechi,
514 1039 2904 1129 che secondo Homero, è quella cena, che facevano nanzi che'l corpo si sepellisse. et questo quei liberti mostrano
534 1135 2908 1225 fare attorno la padrona che è sulletto ornata conla corolla, ò ghirlanda dala destra, et dala sinistra tiene il Vaso
534 1239 2902 1325 come che essa fusse nella cena scumbendo rappresentata, et tale costume visi dimostra nella scoltura conciosia
522 1337 2880 1423 cosa, per che cio ci dimostra Homero, per che deve parla di Patroclo morto, tal cena si fa, dice egli, attorno à
518 1443 2882 1513 Patroclo non anchor sepulto, la quale per che si faceva circa la sera, dal poeta è detta ΔΟΡΠΟΣ, come, è
510 1527 2908 1601 inquelluogho di esso Homero che dice ΔΟΡΠΗΣΟΜΕΝ ΕΝΘΑ ΔΕ ΠΑΝΤΕΣ, cio è cenaremo qui tutti.
518 1614 2892 1703 et quell'altro luogo. ΚΑΙ ΔΟΡΠΟΝ ΕΦΟΠΛΙΣΑΝΤ ΕΚΑΟΤΟΙ, che suona, ciascuno meseno in ordine la
506 1707 2894 1803 cena. Il che etiandio Homero in alcun luogho chiama ΔΑΙΤΑ: ma non simplicemente, per che vi aggiunge
510 1795 2892 1907 ΣΤΥΓΕΡΑΝ. cio è luttuosa, per che come dicano, vien'da Styge. Siche questa cena era un certo lacrymo
490 1885 2910 2017 so convivio, dove nel cenare si pascevano di lachryme quei acui il morto toccava e pretendeva, nell'amor
496 1979 2916 2123 del sangue parentale ò dell'amicitia. et massimamente era di mestitia à tutti coloro, che non havevano com
500 2083 2874 2229 pagnia consolatoria nella cena come lhanno havuta molti, per che talvolta sendo à una Madre, ò aunpadre
488 2199 2878 2339 morti tutti quelli dela casa sua, rimangono pasciuti di lachrime ed ti stenti di desaggi, per esse rimasto
478 2309 1660 2403 abbandonati, e senza consolatione alcuna. Come fù
470 2421 1650 2513 quella cena ultima di Ecuba Regina, la quale havendo in
490 2521 1682 2615 piu volte cenato attorno ai corpi di suoi figliuoli, finalmen
478 2629 1678 2721 te sendo arsa Troia et perduto il stato d'Iliensi, et immo
472 2731 1650 2815 lato da pyrrho Neoptolemo priamo sula sepultura di Ac¬
474 2827 1642 2913 hille, con rabbie canina pianse il corpo del morto ma
478 2929 1646 3017 rito, et l'ultima miseria di quaranta figliuoli di essa
478 3035 1640 3107 et di Priamo tutti uccisi. La onde Libanio Sophista ri
478 3129 1654 3209 trahe lo essempio, che non si debba piangere col' ventreuno
462 3219 1624 3295 to il morto corpo, come ne ancho il pianse Hecuba pie
462 3314 1654 3385 na dele sue miserie. Di maniera dunque che tale horro
458 3404 1658 3473 re et mestitia ci rappresentano le scoltura della intitula
470 3491 1648 3567 tione del Funerale et logubre convivio. Ma per che gli an¬
450 3583 1626 3655 tichi sui letti scumbendo ordinariamente mangiavano.
462 3675 1670 3755 Come segno di riposo et contentezza: quegli i quali non era
438 3763 1646 3845 no contenti et haveano ricevuto qualche cosa mesta per
442 3861 1626 3953 causa de cari padri et Madri morti, ò pe i vari fratelli
446 3969 1654 4051 ò de morti figliuoli, ò d'altri casi dell'amicitie, et con
446 4049 1658 4131 sortij, ò per danni di dishonoriricevuti, non scumbeano
454 4135 1664 4243 mangiando, ma sedeano, come in commodi. Et li Grecisu
440 4233 1648 4333 le pelle dell'animali sedevano interra attorno al mor
454 4333 1642 4437 to parente, e al morto capitano s'era huomo suggetto à
442 4421 954 4505 le cose dela Guerra. ⁓
2314 2465 2344 2514 DIIS
2072 2513 2454 2585 MANIBVS•SACRVM
1960 3175 2578 3267 AVRELIAE•VERAE•MAXIMIL
2008 3235 2578 3331 LAE•PIISSIMAE•PATRON
1968 3295 2526 3385 AE•VIXIT•ANN XXXV•
1934 3365 2570 3452 C•AVRELIVS•C•L•MOSCHILVS
2140 3437 2442 3494 LIBERTVS•FID
2240 3498 2424 3536 FAC•CVR
1934 3500 2552 3580 CVM•AVRELIA•APHRODISIA•
1914 3556 2518 3622 ET•AVRELIA•TYCHE LIBERT
