3800 5255
2949 234 3179 291 30
3102 354 3223 407 27
346 429 2872 520 REGMA, è citta et pago, et nome di Golfo et di litto al persico Golfo, donde si dice il gentile
398 528 2884 602 Regmatite, ò ΡΗΓΜΑΤΙΤΗΣ, come si ritrahe da Stephano, ove dice. ΡΗΓΜΑ, ΠΟΛΙΣ, ΩΣ ΑΡΜΑ,
402 626 2912 697 ΚΑΙ ΚΟΛΠΟΣ, ΡΗΜΑ ΠΕΡΙΤΟΝ ΠΕΡΣΙΚΟΝ ΚΟΛΠΟΝ. τΟ Ε ΟΝΙΚΟΝ, ΡΗΙΜΑΤΙΤΗΣ: et perche alcuni vogliono,
408 702 2112 787 che si scriva Rhegma con la spiratione della . H. nehavemo scritto più oltre.
346 1087 2876 1178 RENE, ΡΗΝΗ, ΝΗΣΟΣ. è picciola Isola presso à Delo, et leggesi Renis, ò ΡΗΝΙΣ, et ΡΗΝΑΙΑ,
394 1184 2878 1270 et si legge non solo Renaea, ma Renaeense, et Renio, ò ΡΗΝΙΟΣ, ΡΗΝΑΙΕΥΣ, alcuni per .H.
396 1278 2956 1362 la scrivono latinimente Rhene, et Rhenaea. Et viene annumerata tralecycladi del Mare Aegeo, et ilvul¬
384 1360 992 1432 go l'appella Fermenia.
352 1689 2942 1840 RENEI, et Rhenai, ΡΗΝΟΙ, sono popoli ò gente nella Persia sul fiume Reno, ò ΡΗΝΩ. come
390 1791 1554 1888 disse Uranio. et Fanne menzione Stephano.
356 2357 2854 2486 REGILIO, et Regillas, Regillus, è nome di citta di sabini presso à Stephano. ma si gabba.
368 2453 2860 2584 per che Regillo fu in latio à quattordicimiglia discosto da Roma lo quale luoghi hoggidi, è
386 2545 2856 2690 dessolato, ove è illago Regillo, ove fu la rotta di latini datagli da Aulo postumio, come scri
376 2641 2842 2794 vono Livio, et Dionysio Alicarnasseo. Chiamasi hodiernamente Santa presete, posta sulla
358 2741 2848 2890 go, dove fu il Tempio di Diana. Regillense sula Via Gabinia altramente detta Praenestina.
332 2849 2868 2984 REGILLI Regillis, è la città di sabini patria di Appio Claudio Sabino, da cui fu detta la Tribu Claudia
376 2935 2860 3080 sendo posto da Romani tra li senatori, et honorati li suoi nella Tribù detta da lui Claudia, che havea
382 3041 2884 3172 il Territorio dila del fiume Aniene, che hora si dice Teverone: et fù questo regilli rovinata
370 3130 2874 3274 et da questa patria Svetonio chiama Appio Claudio Regillano lo quale diede la origine alla Claudia
366 3225 2854 3368 fameglia. Cosi addunque il nome di Regillo mascolinamente se intende perlo laco et Vico ch'era
378 3329 2892 3464 nei latini Volsci invia prenestina in contro al Tusculano. di parla plinio nellibro trentesimo
370 3439 2126 3542 terzo alcapo secundo chel vulgo l'appella il lago di Santa Presede.
