3800 5255
1508 377 2820 447 DELLE SPIRE, OVER' BASE CORINTHIE
1190 511 3142 603 Fu base dell'ordine corinthio del Tempio Heroico fatto ad' honore di Sabina
1222 598 3166 693 moglie di Hadriano imperadore, ch'era poco discosto al Foro Traiano verso
1214 692 3150 795 la piazza che hora si dice di Santi Apostoli, Iacovo et philippo. ove fù
1222 796 3142 891 rono trovate alcune in scrittioni et statoe rovinate. et le colonne erano
1238 894 3142 979 del marmo Augustale fatto ad' onde et à colore marino verdeggiante et
1214 989 2282 1062 fatto à giri di diverse forme macchiato.
1935 1410 2753 1481 Palmi tre di diametro. et once 2
2876 1468 2956 1647 on 3 ÷
2816 1634 2884 1718 2•1•
2977 1801 3029 1855 4
2962 1927 3047 2078 On 5 ÷
1094 2335 3314 2441 La spira qui disotto fu dell'ornamento di uno dell'edificij dell'ordine corinthio,
1254 2437 3226 2535 ch'fu gia nella piazza dove è la colonna historiata dell'Antonini. do
1238 2537 3258 2641 ve furono cavati molti marmi at sassi quadrati, ma quei pochi orna ¬
1238 2650 3306 2743 menti che vi erano tutti sono stati consumati da scarpellini. La colonna
1242 2732 3306 2805 sua era striata della forma sotto disegnata nel resto era del marmo bianco et
1252 2807 2008 2880 negro chiamato Mamurro:
1523 3013 1976 3071 Palmi 2 once •4•
2902 3133 2961 3217 o 3•
3017 3167 3367 3235 Toro superiore.
2861 3228 2912 3313 on2
3065 3256 3229 3313 scotia
3007 3327 3071 3443 o 3 ÷
3096 3386 3323 3452 Toro Arieto
2971 3445 3055 3598 on •5÷•
3071 3500 3222 3556 Plinto
1614 4031 1671 4081 on
1593 4069 1642 4123 1
1509 4196 1644 4256 once
1529 4257 1620 4317 3 ÷
1651 4145 1698 4198 on
1656 4201 1700 4251 3
1899 4160 2174 4245 once 34•
2550 4085 2741 4170 3·1 3÷
1656 4809 2514 4887 once 53 tutto il lato del plinto.
