<?xml version="1.0" encoding="UTF-8" standalone="yes"?>
<PcGts xmlns="http://schema.primaresearch.org/PAGE/gts/pagecontent/2013-07-15" xmlns:xsi="http://www.w3.org/2001/XMLSchema-instance" xsi:schemaLocation="http://schema.primaresearch.org/PAGE/gts/pagecontent/2013-07-15 http://schema.primaresearch.org/PAGE/gts/pagecontent/2013-07-15/pagecontent.xsd">
    <Metadata>
        <Creator>prov=University of Rostock/Institute of Mathematics/CITlab|PLANET AI GmbH/Tobias Gruening/tobias.gruening@planet-ai.de:name=/net_tf/LA73_249_0mod360.pb:de.uros.citlab.segmentation.CITlab_LA_ML:v=2.6.7
prov=University of Rostock/Institute of Mathematics/CITlab|PLANET AI GmbH/Tobias Gruening/tobias.gruening@planet-ai.de:name=/net_tf/LA76_249_0mod90.pb:de.uros.citlab.segmentation.CITlab_LA_ML:v=2.6.7
Transkribus</Creator>
        <Created>2020-12-04T19:23:37.789+01:00</Created>
        <LastChange>2022-03-17T12:14:45.988+01:00</LastChange>
        <TranskribusMetadata docId="855487" pageId="31902907" pageNr="83" tsid="78704769" status="GT" userId="87579" imgUrl="https://files.transkribus.eu/Get?id=TODUXSSOVWMXZMBRTNAZQOAT&amp;fileType=view" xmlUrl="https://files.transkribus.eu/Get?id=JEUCOFIIACNYUURUOQTPPDAM" imageId="17873951"/>
    </Metadata>
    <Page imageFilename="PirroLigorio_Ja_III_3_042a.jpg" imageWidth="3800" imageHeight="5255">
        <ReadingOrder>
            <OrderedGroup id="ro_1719337506467" caption="Regions reading order">
                <RegionRefIndexed index="0" regionRef="r1"/>
            </OrderedGroup>
        </ReadingOrder>
        <TextRegion orientation="0.0" id="r1" custom="readingOrder {index:0;}">
            <Coords points="900,377 886,4364 3500,4343 3504,377"/>
            <TextLine id="r1l1" custom="readingOrder {index:0;}">
                <Coords points="920,474 1047,476 1174,476 1301,478 1429,478 1556,478 1683,480 1811,480 1938,480 2065,480 2193,480 2320,480 2447,480 2574,482 2702,482 2829,484 2956,484 3084,486 3211,488 3338,492 3466,494 3466,440 3338,438 3211,434 3084,432 2956,430 2829,430 2702,428 2574,428 2447,426 2320,426 2193,426 2065,426 1938,426 1811,426 1683,426 1556,424 1429,424 1301,424 1174,422 1047,422 920,420"/>
                <Baseline points="920,456 1047,458 1174,458 1301,460 1429,460 1556,460 1683,462 1811,462 1938,462 2065,462 2193,462 2320,462 2447,462 2574,464 2702,464 2829,466 2956,466 3084,468 3211,470 3338,474 3466,476"/>
                <TextEquiv>
                    <Unicode>nosca la verita come passarono le cose. La onde dice egli. Che Roma non è dubio alcuno, che fu colonia delli Albani,</Unicode>
                </TextEquiv>
            </TextLine>
            <TextLine id="r1l2" custom="readingOrder {index:1;} unclear {offset:9; length:10;} unclear {offset:45; length:5;}">
                <Coords points="928,548 1053,552 1179,556 1305,560 1431,562 1557,566 1683,568 1809,570 1935,572 2061,574 2187,574 2312,576 2438,576 2564,578 2690,580 2816,580 2942,582 3068,584 3194,586 3320,588 3446,592 3446,538 3320,534 3194,532 3068,530 2942,528 2816,526 2690,526 2564,524 2438,522 2312,522 2187,520 2061,520 1935,518 1809,516 1683,514 1557,512 1431,508 1305,506 1179,502 1053,498 928,494"/>
                <Baseline points="928,530 1053,534 1179,538 1305,542 1431,544 1557,548 1683,550 1809,552 1935,554 2061,556 2187,556 2312,558 2438,558 2564,560 2690,562 2816,562 2942,564 3068,566 3194,568 3320,570 3446,574"/>
                <TextEquiv>
                    <Unicode>et nelle decessette età di doppo la presa di Troia, ò vogliamo dire Ilione. et fabricarono essa colonia nelluogo</Unicode>
                </TextEquiv>
            </TextLine>
            <TextLine id="r1l3" custom="readingOrder {index:2;} unclear {offset:74; length:3;}">
                <Coords points="928,634 1054,638 1181,642 1307,644 1434,647 1561,650 1687,653 1814,656 1940,658 2067,660 2194,663 2320,666 2447,668 2573,670 2700,672 2827,674 2953,676 3080,678 3206,680 3333,682 3460,684 3460,624 3333,622 3206,620 3080,618 2953,616 2827,614 2700,612 2573,610 2447,608 2320,606 2194,603 2067,600 1940,598 1814,596 1687,593 1561,590 1434,587 1307,584 1181,582 1054,578 928,574"/>
                <Baseline points="928,614 1054,618 1181,622 1307,624 1434,627 1561,630 1687,633 1814,636 1940,638 2067,640 2194,643 2320,646 2447,648 2573,650 2700,652 2827,654 2953,656 3080,658 3206,660 3333,662 3460,664"/>
                <TextEquiv>
                    <Unicode>chiamato Palazzo, gia sedia dell'antico Evandro: ò pure vi fecero in essa età insieme duoi colli, il colle</Unicode>
                </TextEquiv>
            </TextLine>
            <TextLine id="r1l4" custom="readingOrder {index:3;} unclear {offset:24; length:11;} unclear {offset:93; length:9;}">
                <Coords points="918,728 1044,729 1171,731 1298,734 1425,736 1552,738 1679,739 1806,740 1933,742 2060,744 2187,746 2313,748 2440,750 2567,752 2694,756 2821,758 2948,760 3075,763 3202,766 3329,770 3456,772 3456,712 3329,710 3202,706 3075,703 2948,700 2821,698 2694,696 2567,692 2440,690 2313,688 2187,686 2060,684 1933,682 1806,680 1679,679 1552,678 1425,676 1298,674 1171,671 1044,669 918,668"/>
                <Baseline points="918,708 1044,709 1171,711 1298,714 1425,716 1552,718 1679,719 1806,720 1933,722 2060,724 2187,726 2313,728 2440,730 2567,732 2694,736 2821,738 2948,740 3075,743 3202,746 3329,750 3456,752"/>
                <TextEquiv>
                    <Unicode>palatino et il saturnio inristretto, cio è aggiunsero quel colle al palazzo che fu poi fatto capitalio, per</Unicode>
                </TextEquiv>
            </TextLine>
            <TextLine id="r1l5" custom="readingOrder {index:4;}">
                <Coords points="934,808 1059,812 1185,815 1311,818 1437,822 1563,824 1688,828 1814,830 1940,832 2066,836 2192,838 2317,840 2443,842 2569,844 2695,846 2821,848 2946,849 3072,850 3198,852 3324,852 3450,852 3450,792 3324,792 3198,792 3072,790 2946,789 2821,788 2695,786 2569,784 2443,782 2317,780 2192,778 2066,776 1940,772 1814,770 1688,768 1563,764 1437,762 1311,758 1185,755 1059,752 934,748"/>
                <Baseline points="934,788 1059,792 1185,795 1311,798 1437,802 1563,804 1688,808 1814,810 1940,812 2066,816 2192,818 2317,820 2443,822 2569,824 2695,826 2821,828 2946,829 3072,830 3198,832 3324,832 3450,832"/>
                <TextEquiv>
                    <Unicode>che quivi nel saturnio, gia havevano habitato i peloponnesi, et nel palatino gli Arcadi. Il duce che</Unicode>
                </TextEquiv>
            </TextLine>
            <TextLine id="r1l6" custom="readingOrder {index:5;} unclear {offset:72; length:7;}">
                <Coords points="922,901 1048,905 1175,907 1302,911 1428,914 1555,917 1682,921 1808,924 1935,927 2062,931 2189,933 2315,937 2442,939 2569,941 2695,943 2822,946 2949,947 3075,949 3202,951 3329,953 3456,953 3456,890 3329,890 3202,888 3075,886 2949,884 2822,883 2695,880 2569,878 2442,876 2315,874 2189,870 2062,868 1935,864 1808,861 1682,858 1555,854 1428,851 1302,848 1175,844 1048,842 922,838"/>
                <Baseline points="922,880 1048,884 1175,886 1302,890 1428,893 1555,896 1682,900 1808,903 1935,906 2062,910 2189,912 2315,916 2442,918 2569,920 2695,922 2822,925 2949,926 3075,928 3202,930 3329,932 3456,932"/>
                <TextEquiv>
                    <Unicode>condusse la colonia dell'Albani fu Romolo, il quale per decesette gradi traheva la origine da AeneaTro¬</Unicode>
                </TextEquiv>
            </TextLine>
            <TextLine id="r1l7" custom="readingOrder {index:6;}">
                <Coords points="918,999 1044,1003 1171,1006 1298,1009 1425,1013 1552,1017 1679,1019 1806,1023 1933,1025 2060,1029 2187,1033 2313,1035 2440,1038 2567,1041 2694,1043 2821,1045 2948,1047 3075,1049 3202,1051 3329,1053 3456,1053 3456,990 3329,990 3202,988 3075,986 2948,984 2821,982 2694,980 2567,978 2440,975 2313,972 2187,970 2060,966 1933,962 1806,960 1679,956 1552,954 1425,950 1298,946 1171,943 1044,940 918,936"/>
                <Baseline points="918,978 1044,982 1171,985 1298,988 1425,992 1552,996 1679,998 1806,1002 1933,1004 2060,1008 2187,1012 2313,1014 2440,1017 2567,1020 2694,1022 2821,1024 2948,1026 3075,1028 3202,1030 3329,1032 3456,1032"/>
                <TextEquiv>
                    <Unicode>iano. Ma Agathillo scrisse nel suo poema, che Aenea partito dall'Isola Capie di Arcadia, vi lascio due</Unicode>
                </TextEquiv>
            </TextLine>
            <TextLine id="r1l8" custom="readingOrder {index:7;} unclear {offset:72; length:6;}">
                <Coords points="908,1109 1035,1111 1162,1111 1290,1113 1417,1113 1545,1115 1672,1115 1799,1117 1927,1117 2054,1119 2182,1121 2309,1121 2436,1123 2564,1126 2691,1129 2819,1132 2946,1136 3073,1140 3201,1145 3328,1151 3456,1157 3456,1094 3328,1088 3201,1082 3073,1077 2946,1073 2819,1069 2691,1066 2564,1063 2436,1060 2309,1058 2182,1058 2054,1056 1927,1054 1799,1054 1672,1052 1545,1052 1417,1050 1290,1050 1162,1048 1035,1048 908,1046"/>
                <Baseline points="908,1088 1035,1090 1162,1090 1290,1092 1417,1092 1545,1094 1672,1094 1799,1096 1927,1096 2054,1098 2182,1100 2309,1100 2436,1102 2564,1105 2691,1108 2819,1111 2946,1115 3073,1119 3201,1124 3328,1130 3480,1151"/>
                <TextEquiv>
                    <Unicode>sue figliuole, et venuto in Terra Hesperia, che cosi all'hora si diceva Italia Genero Romolo, che edificò</Unicode>
                </TextEquiv>
            </TextLine>
            <TextLine id="r1l9" custom="readingOrder {index:8;}">
                <Coords points="924,1199 1052,1202 1181,1205 1310,1207 1439,1209 1568,1211 1696,1213 1825,1213 1954,1215 2083,1217 2212,1218 2340,1219 2469,1221 2598,1223 2727,1225 2856,1227 2984,1231 3113,1233 3242,1237 3371,1241 3500,1247 3500,1184 3371,1178 3242,1174 3113,1170 2984,1168 2856,1164 2727,1162 2598,1160 2469,1158 2340,1156 2212,1155 2083,1154 1954,1152 1825,1150 1696,1150 1568,1148 1439,1146 1310,1144 1181,1142 1052,1139 924,1136"/>
                <Baseline points="924,1178 1052,1181 1181,1184 1310,1186 1439,1188 1568,1190 1696,1192 1825,1192 1954,1194 2083,1196 2212,1197 2340,1198 2469,1200 2598,1202 2727,1204 2856,1206 2984,1210 3113,1212 3242,1216 3371,1220 3500,1226"/>
                <TextEquiv>
                    <Unicode>Roma. In unaltro luogo esso Dionysio dice. Doppo l'edification'd'Alba longa, l'ultimo della fameglia Silvia,che</Unicode>
                </TextEquiv>
            </TextLine>
            <TextLine id="r1l10" custom="readingOrder {index:9;}">
                <Coords points="914,1294 1041,1296 1169,1298 1297,1298 1425,1300 1553,1300 1681,1302 1809,1304 1937,1304 2065,1306 2193,1306 2320,1308 2448,1310 2576,1310 2704,1312 2832,1312 2960,1314 3088,1316 3216,1316 3344,1318 3472,1318 3472,1263 3344,1263 3216,1261 3088,1261 2960,1259 2832,1257 2704,1257 2576,1255 2448,1255 2320,1253 2193,1251 2065,1251 1937,1249 1809,1249 1681,1247 1553,1245 1425,1245 1297,1243 1169,1243 1041,1241 914,1239"/>
                <Baseline points="914,1276 1041,1278 1169,1280 1297,1280 1425,1282 1553,1282 1681,1284 1809,1286 1937,1286 2065,1288 2193,1288 2320,1290 2448,1292 2576,1292 2704,1294 2832,1294 2960,1296 3088,1298 3216,1298 3351,1299 3475,1309"/>
                <TextEquiv>
                    <Unicode>fu Numitore fù dedutta colonia Roma sotto di Romolo et di Remo. Perche Amulio Silvio Traditore, ha</Unicode>
                </TextEquiv>
            </TextLine>
            <TextLine id="r1l11" custom="readingOrder {index:10;}">
                <Coords points="936,1376 1062,1374 1188,1374 1315,1374 1441,1374 1568,1374 1694,1376 1820,1378 1947,1380 2073,1382 2200,1384 2326,1386 2452,1388 2579,1390 2705,1392 2832,1394 2958,1396 3084,1398 3211,1400 3337,1400 3464,1400 3464,1345 3337,1345 3211,1345 3084,1343 2958,1341 2832,1339 2705,1337 2579,1335 2452,1333 2326,1331 2200,1329 2073,1327 1947,1325 1820,1323 1694,1321 1568,1319 1441,1319 1315,1319 1188,1319 1062,1319 936,1321"/>
                <Baseline points="936,1358 1062,1356 1188,1356 1315,1356 1441,1356 1568,1356 1694,1358 1820,1360 1947,1362 2073,1364 2200,1366 2326,1368 2452,1370 2579,1372 2705,1374 2832,1376 2958,1378 3084,1380 3211,1382 3337,1382 3464,1382"/>
                <TextEquiv>
                    <Unicode>vendo cacciato Numitore del stato, et stato nel governo quaranta duoi anni, Numitore conlo aiuto di</Unicode>
                </TextEquiv>
            </TextLine>
            <TextLine id="r1l12" custom="readingOrder {index:11;} unclear {offset:19; length:8;}">
                <Coords points="944,1459 1069,1457 1195,1457 1321,1457 1447,1457 1573,1457 1699,1459 1825,1461 1951,1463 2077,1465 2203,1467 2328,1469 2454,1471 2580,1473 2706,1475 2832,1477 2958,1477 3084,1477 3210,1477 3336,1477 3462,1477 3462,1420 3336,1420 3210,1420 3084,1420 2958,1420 2832,1420 2706,1418 2580,1416 2454,1414 2328,1412 2203,1410 2077,1408 1951,1406 1825,1404 1699,1402 1573,1400 1447,1400 1321,1400 1195,1400 1069,1400 944,1402"/>
                <Baseline points="944,1440 1069,1438 1195,1438 1321,1438 1447,1438 1573,1438 1699,1440 1825,1442 1951,1444 2077,1446 2203,1448 2328,1450 2454,1452 2580,1454 2706,1456 2832,1458 2958,1458 3084,1458 3210,1458 3336,1458 3462,1458"/>
                <TextEquiv>
                    <Unicode>Romolo, et di Remo s'ripose nel stato uccidendo Amulio, et questo Romulo et Remo erano nati di una</Unicode>
                </TextEquiv>
            </TextLine>
            <TextLine id="r1l13" custom="readingOrder {index:12;}">
                <Coords points="932,1548 1058,1548 1185,1550 1312,1550 1439,1552 1566,1554 1692,1556 1819,1558 1946,1559 2073,1560 2200,1562 2326,1564 2453,1564 2580,1566 2707,1566 2834,1566 2960,1566 3087,1566 3214,1564 3341,1562 3468,1558 3468,1497 3341,1501 3214,1503 3087,1505 2960,1505 2834,1505 2707,1505 2580,1505 2453,1503 2326,1503 2200,1501 2073,1499 1946,1498 1819,1497 1692,1495 1566,1493 1439,1491 1312,1489 1185,1489 1058,1487 932,1487"/>
                <Baseline points="932,1528 1058,1528 1185,1530 1312,1530 1439,1532 1566,1534 1692,1536 1819,1538 1946,1539 2073,1540 2200,1542 2326,1544 2453,1544 2580,1546 2707,1546 2834,1546 2960,1546 3087,1546 3214,1544 3341,1542 3468,1538"/>
                <TextEquiv>
                    <Unicode>fanciulla sacra figliuola di Numitore; per che questo era Avolo materno à Romolo et a Remo. Laon¬</Unicode>
                </TextEquiv>
            </TextLine>
            <TextLine id="r1l14" custom="readingOrder {index:13;} unclear {offset:80; length:8;}">
                <Coords points="928,1629 1055,1633 1182,1635 1309,1639 1436,1641 1564,1643 1691,1645 1818,1647 1945,1647 2072,1649 2200,1651 2327,1651 2454,1653 2581,1653 2708,1653 2836,1655 2963,1655 3090,1655 3217,1655 3344,1653 3472,1653 3472,1596 3344,1596 3217,1598 3090,1598 2963,1598 2836,1598 2708,1596 2581,1596 2454,1596 2327,1594 2200,1594 2072,1592 1945,1590 1818,1590 1691,1588 1564,1586 1436,1584 1309,1582 1182,1578 1055,1576 928,1572"/>
                <Baseline points="928,1610 1055,1614 1182,1616 1309,1620 1436,1622 1564,1624 1691,1626 1818,1628 1945,1628 2072,1630 2200,1632 2327,1632 2454,1634 2581,1634 2708,1634 2836,1636 2963,1636 3090,1636 3217,1636 3344,1634 3472,1634"/>
                <TextEquiv>
                    <Unicode>de nel secondo anno Numitore del ricevuto dominio, et nelli quattrocento trenta duoianni doppola</Unicode>
                </TextEquiv>
            </TextLine>
            <TextLine id="r1l15" custom="readingOrder {index:14;}">
                <Coords points="936,1709 1063,1715 1190,1719 1317,1723 1445,1727 1572,1729 1699,1731 1827,1733 1954,1735 2081,1737 2209,1737 2336,1737 2463,1737 2590,1737 2718,1735 2845,1735 2972,1733 3100,1731 3227,1729 3354,1727 3482,1725 3482,1668 3354,1670 3227,1672 3100,1674 2972,1676 2845,1678 2718,1678 2590,1680 2463,1680 2336,1680 2209,1680 2081,1680 1954,1678 1827,1676 1699,1674 1572,1672 1445,1670 1317,1666 1190,1662 1063,1658 936,1652"/>
                <Baseline points="936,1690 1063,1696 1190,1700 1317,1704 1445,1708 1572,1710 1699,1712 1827,1714 1954,1716 2081,1718 2209,1718 2336,1718 2463,1718 2590,1718 2718,1716 2845,1716 2972,1714 3100,1712 3227,1710 3354,1708 3482,1706"/>
                <TextEquiv>
                    <Unicode>presa d'Ilio ò Troia, comela vogliamo chiamare, molti degli Albani si congregarono, et fe che Romolo et</Unicode>
                </TextEquiv>
            </TextLine>
            <TextLine id="r1l16" custom="readingOrder {index:15;}">
                <Coords points="930,1801 1056,1805 1183,1807 1309,1810 1436,1813 1563,1815 1689,1817 1816,1819 1942,1821 2069,1823 2196,1823 2322,1825 2449,1825 2575,1825 2702,1825 2829,1823 2955,1821 3082,1819 3208,1817 3335,1813 3462,1809 3462,1751 3335,1755 3208,1759 3082,1761 2955,1763 2829,1765 2702,1767 2575,1767 2449,1767 2322,1767 2196,1765 2069,1765 1942,1763 1816,1761 1689,1759 1563,1757 1436,1755 1309,1752 1183,1749 1056,1747 930,1743"/>
                <Baseline points="930,1782 1056,1786 1183,1788 1309,1791 1436,1794 1563,1796 1689,1798 1816,1800 1942,1802 2069,1804 2196,1804 2322,1806 2449,1806 2575,1806 2702,1806 2829,1804 2955,1802 3082,1800 3208,1798 3335,1794 3462,1790"/>
                <TextEquiv>
                    <Unicode>Remo li conducessero adedificare la colonia, et fecero Roma. La quale edificarono sul detto colle nel</Unicode>
                </TextEquiv>
            </TextLine>
            <TextLine id="r1l17" custom="readingOrder {index:16;}">
                <Coords points="926,1887 1054,1891 1182,1893 1310,1895 1439,1895 1567,1897 1695,1897 1824,1899 1952,1899 2080,1899 2209,1899 2337,1899 2465,1899 2593,1899 2722,1899 2850,1899 2978,1901 3107,1901 3235,1901 3363,1901 3492,1901 3492,1843 3363,1843 3235,1843 3107,1843 2978,1843 2850,1841 2722,1841 2593,1841 2465,1841 2337,1841 2209,1841 2080,1841 1952,1841 1824,1841 1695,1839 1567,1839 1439,1837 1310,1837 1182,1835 1054,1833 926,1829"/>
                <Baseline points="926,1868 1054,1872 1182,1874 1310,1876 1439,1876 1567,1878 1695,1878 1824,1880 1952,1880 2080,1880 2209,1880 2337,1880 2465,1880 2593,1880 2722,1880 2850,1880 2978,1882 3107,1882 3235,1882 3363,1882 3492,1882"/>
                <TextEquiv>
                    <Unicode>primo anno della olympiade settima: nella quale hebbe l'honore Megenio Daciale, et incotal tempo regna</Unicode>
                </TextEquiv>
            </TextLine>
            <TextLine id="r1l18" custom="readingOrder {index:17;} unclear {offset:88; length:7;}">
                <Coords points="926,1975 1051,1977 1177,1979 1302,1981 1428,1981 1553,1981 1679,1982 1804,1983 1930,1983 2055,1983 2181,1983 2306,1983 2432,1983 2557,1983 2683,1983 2808,1985 2934,1985 3059,1987 3185,1989 3310,1991 3436,1993 3436,1930 3310,1928 3185,1926 3059,1924 2934,1922 2808,1922 2683,1920 2557,1920 2432,1920 2306,1920 2181,1920 2055,1920 1930,1920 1804,1920 1679,1919 1553,1918 1428,1918 1302,1918 1177,1916 1051,1914 926,1912"/>
                <Baseline points="926,1954 1051,1956 1177,1958 1302,1960 1428,1960 1553,1960 1679,1961 1804,1962 1930,1962 2055,1962 2181,1962 2306,1962 2432,1962 2557,1962 2683,1962 2808,1964 2934,1964 3059,1966 3185,1968 3310,1970 3456,1979"/>
                <TextEquiv>
                    <Unicode>va in Athene Charopo, e nelloprimo delli dieci anni ch'esso Charopo prese il governo fu funduta Ro</Unicode>
                </TextEquiv>
            </TextLine>
            <TextLine id="r1l19" custom="readingOrder {index:18;}">
                <Coords points="954,2061 1079,2063 1205,2064 1331,2066 1457,2067 1583,2069 1708,2070 1834,2071 1960,2071 2086,2073 2212,2073 2337,2073 2463,2073 2589,2073 2715,2073 2841,2072 2966,2071 3092,2070 3218,2069 3344,2067 3470,2065 3470,2002 3344,2004 3218,2006 3092,2007 2966,2008 2841,2009 2715,2010 2589,2010 2463,2010 2337,2010 2212,2010 2086,2010 1960,2008 1834,2008 1708,2007 1583,2006 1457,2004 1331,2003 1205,2001 1079,2000 954,1998"/>
                <Baseline points="954,2040 1079,2042 1205,2043 1331,2045 1457,2046 1583,2048 1708,2049 1834,2050 1960,2050 2086,2052 2212,2052 2337,2052 2463,2052 2589,2052 2715,2052 2841,2051 2966,2050 3092,2049 3218,2048 3344,2046 3470,2044"/>
                <TextEquiv>
                    <Unicode>ma. Ma Cephalone, presso del medesimo Dionysio, di Gargithio citta antichissimo scrittore dice essere</Unicode>
                </TextEquiv>
            </TextLine>
            <TextLine id="r1l20" custom="readingOrder {index:19;} unclear {offset:58; length:6;}">
                <Coords points="922,2153 1049,2157 1177,2159 1305,2161 1433,2163 1561,2165 1689,2167 1817,2167 1945,2167 2073,2167 2201,2167 2328,2167 2456,2167 2584,2165 2712,2165 2840,2165 2968,2165 3096,2163 3224,2163 3352,2163 3480,2163 3480,2100 3352,2100 3224,2100 3096,2100 2968,2102 2840,2102 2712,2102 2584,2102 2456,2104 2328,2104 2201,2104 2073,2104 1945,2104 1817,2104 1689,2104 1561,2102 1433,2100 1305,2098 1177,2096 1049,2094 922,2090"/>
                <Baseline points="922,2132 1049,2136 1177,2138 1305,2140 1433,2142 1561,2144 1689,2146 1817,2146 1945,2146 2073,2146 2201,2146 2328,2146 2456,2146 2584,2144 2712,2144 2840,2144 2968,2144 3096,2142 3224,2142 3352,2142 3480,2142"/>
                <TextEquiv>
                    <Unicode>stata questa città edificata nella seconda etade doppo la guerra Troiana da coloro che con Aenea salvaron</Unicode>
                </TextEquiv>
            </TextLine>
            <TextLine id="r1l21" custom="readingOrder {index:20;}">
                <Coords points="930,2241 1056,2245 1183,2247 1310,2249 1436,2251 1563,2253 1690,2253 1816,2255 1943,2255 2070,2255 2197,2257 2323,2257 2450,2257 2577,2257 2703,2257 2830,2257 2957,2257 3083,2257 3210,2259 3337,2259 3464,2261 3464,2198 3337,2196 3210,2196 3083,2194 2957,2194 2830,2194 2703,2194 2577,2194 2450,2194 2323,2194 2197,2194 2070,2192 1943,2192 1816,2192 1690,2190 1563,2190 1436,2188 1310,2186 1183,2184 1056,2182 930,2178"/>
                <Baseline points="930,2220 1056,2224 1183,2226 1310,2228 1436,2230 1563,2232 1690,2232 1816,2234 1943,2234 2070,2234 2197,2236 2323,2236 2450,2236 2577,2236 2703,2236 2830,2236 2957,2236 3083,2236 3210,2238 3337,2238 3464,2240"/>
                <TextEquiv>
                    <Unicode>si dall'incendio, ma per suo conditore et guida dela colonia mette Remo, lo quale dice esser stato un dei</Unicode>
                </TextEquiv>
            </TextLine>
            <TextLine id="r1l22" custom="readingOrder {index:21;}">
                <Coords points="906,2328 1033,2330 1160,2330 1287,2332 1415,2334 1542,2336 1669,2336 1797,2338 1924,2338 2051,2340 2179,2342 2306,2342 2433,2344 2560,2344 2688,2346 2815,2346 2942,2348 3070,2350 3197,2350 3324,2352 3452,2352 3452,2298 3324,2298 3197,2296 3070,2296 2942,2294 2815,2292 2688,2292 2560,2290 2433,2290 2306,2288 2179,2288 2051,2286 1924,2284 1797,2284 1669,2282 1542,2282 1415,2280 1287,2278 1160,2276 1033,2276 906,2274"/>
                <Baseline points="906,2310 1033,2312 1160,2312 1287,2314 1415,2316 1542,2318 1669,2318 1797,2320 1924,2320 2051,2322 2179,2324 2306,2324 2433,2326 2560,2326 2688,2328 2815,2328 2942,2330 3070,2332 3197,2332 3324,2334 3452,2334"/>
                <TextEquiv>
                    <Unicode>figliuoli di Aenea: per cio che scrisse che Aenea havere havuti quattro figliuoli, Ascanio, Eurihonte</Unicode>
                </TextEquiv>
            </TextLine>
            <TextLine id="r1l23" custom="readingOrder {index:22;}">
                <Coords points="922,2416 1048,2414 1175,2412 1301,2412 1428,2412 1555,2412 1681,2414 1808,2414 1934,2416 2061,2418 2188,2420 2314,2422 2441,2423 2567,2424 2694,2426 2821,2428 2947,2428 3074,2428 3200,2428 3327,2428 3454,2426 3454,2372 3327,2374 3200,2374 3074,2374 2947,2374 2821,2374 2694,2372 2567,2370 2441,2369 2314,2368 2188,2366 2061,2364 1934,2362 1808,2360 1681,2360 1555,2358 1428,2358 1301,2358 1175,2358 1048,2360 922,2362"/>
                <Baseline points="922,2398 1048,2396 1175,2394 1301,2394 1428,2394 1555,2394 1681,2396 1808,2396 1934,2398 2061,2400 2188,2402 2314,2404 2441,2405 2567,2406 2694,2408 2821,2410 2947,2410 3074,2410 3200,2410 3327,2410 3454,2408"/>
                <TextEquiv>
                    <Unicode>Romolo, et Remo. il cui tempo discorda, et in natura et intutte l'altre historie: come cosa difficile che'l huo</Unicode>
                </TextEquiv>
            </TextLine>
            <TextLine id="r1l24" custom="readingOrder {index:23;}">
                <Coords points="934,2488 1059,2488 1184,2488 1309,2490 1434,2490 1560,2490 1685,2492 1810,2492 1935,2494 2060,2494 2186,2496 2311,2496 2436,2498 2561,2498 2686,2500 2812,2502 2937,2504 3062,2506 3187,2508 3312,2510 3438,2512 3438,2457 3312,2455 3187,2453 3062,2451 2937,2449 2812,2447 2686,2445 2561,2443 2436,2443 2311,2441 2186,2441 2060,2439 1935,2439 1810,2437 1685,2437 1560,2435 1434,2435 1309,2435 1184,2433 1059,2433 934,2433"/>
                <Baseline points="934,2470 1059,2470 1184,2470 1309,2472 1434,2472 1560,2472 1685,2474 1810,2474 1935,2476 2060,2476 2186,2478 2311,2478 2436,2480 2561,2480 2686,2482 2812,2484 2952,2506 3062,2488 3187,2490 3312,2492 3438,2494"/>
                <TextEquiv>
                    <Unicode>mini s'accordino duoi à un Tempo à vivere due etadi che s'intendono ducento anni: concio sia cosa che</Unicode>
                </TextEquiv>
            </TextLine>
            <TextLine id="r1l25" custom="readingOrder {index:24;}">
                <Coords points="926,2562 1052,2568 1178,2570 1304,2574 1430,2576 1556,2578 1682,2578 1808,2578 1934,2580 2060,2580 2186,2580 2312,2580 2438,2582 2564,2582 2690,2584 2816,2586 2942,2590 3068,2593 3194,2597 3320,2604 3446,2610 3446,2555 3320,2549 3194,2542 3068,2538 2942,2535 2816,2531 2690,2529 2564,2527 2438,2527 2312,2525 2186,2525 2060,2525 1934,2525 1808,2523 1682,2523 1556,2523 1430,2521 1304,2519 1178,2515 1052,2513 926,2507"/>
                <Baseline points="926,2544 1052,2550 1178,2552 1304,2556 1430,2558 1556,2560 1682,2560 1808,2560 1934,2562 2060,2562 2186,2562 2312,2562 2438,2564 2564,2564 2690,2566 2816,2568 2942,2572 3068,2575 3194,2579 3320,2586 3446,2592"/>
                <TextEquiv>
                    <Unicode>in questo pose il contrasto di essi duoi fratelli, chi diloro lhaveano aporre il nome. Oltre Dionysio in una loro</Unicode>
                </TextEquiv>
            </TextLine>
            <TextLine id="r1l26" custom="readingOrder {index:25;}">
                <Coords points="910,2659 1037,2663 1164,2666 1291,2669 1418,2671 1546,2671 1673,2671 1800,2671 1927,2671 2054,2671 2182,2671 2309,2671 2436,2671 2563,2673 2690,2673 2818,2675 2945,2678 3072,2681 3199,2687 3326,2692 3454,2701 3454,2638 3326,2629 3199,2624 3072,2618 2945,2615 2818,2612 2690,2610 2563,2610 2436,2608 2309,2608 2182,2608 2054,2608 1927,2608 1800,2608 1673,2608 1546,2608 1418,2608 1291,2606 1164,2603 1037,2600 910,2596"/>
                <Baseline points="910,2638 1037,2642 1164,2645 1291,2648 1418,2650 1546,2650 1673,2650 1800,2650 1927,2650 2054,2650 2182,2650 2309,2650 2436,2650 2563,2652 2690,2652 2818,2654 2945,2657 3072,2660 3199,2666 3326,2671 3454,2680"/>
                <TextEquiv>
                    <Unicode>luogo viene con unaltra memoria, dicendo che Eurilionte sia il medesimo che è Ascanio nato di Lavi</Unicode>
                </TextEquiv>
            </TextLine>
            <TextLine id="r1l27" custom="readingOrder {index:26;}">
                <Coords points="924,2743 1052,2751 1180,2759 1308,2763 1436,2765 1564,2767 1692,2769 1820,2769 1948,2767 2076,2767 2205,2766 2333,2765 2461,2765 2589,2765 2717,2767 2845,2769 2973,2773 3101,2778 3229,2785 3357,2795 3486,2807 3486,2744 3357,2732 3229,2722 3101,2715 2973,2710 2845,2706 2717,2704 2589,2702 2461,2702 2333,2702 2205,2703 2076,2704 1948,2704 1820,2706 1692,2706 1564,2704 1436,2702 1308,2700 1180,2696 1052,2688 924,2680"/>
                <Baseline points="924,2722 1052,2730 1180,2738 1308,2742 1436,2744 1564,2746 1692,2748 1820,2748 1948,2746 2076,2746 2205,2745 2333,2744 2461,2744 2589,2744 2717,2746 2845,2748 2973,2752 3101,2757 3229,2764 3357,2774 3486,2786"/>
                <TextEquiv>
                    <Unicode>nia Delia. et presso ad essa oppenione allega Agathillo poeta, et vi aggiunge la oppenione di Demagora</Unicode>
                </TextEquiv>
            </TextLine>
            <TextLine id="r1l28" custom="readingOrder {index:27;}">
                <Coords points="930,2848 1056,2854 1182,2860 1308,2862 1434,2864 1560,2866 1686,2866 1812,2866 1938,2864 2064,2862 2190,2862 2316,2860 2442,2860 2568,2860 2694,2862 2820,2864 2946,2868 3072,2873 3198,2882 3324,2892 3450,2904 3450,2843 3324,2831 3198,2821 3072,2812 2946,2807 2820,2803 2694,2801 2568,2799 2442,2799 2316,2799 2190,2801 2064,2801 1938,2803 1812,2805 1686,2805 1560,2805 1434,2803 1308,2801 1182,2799 1056,2793 930,2787"/>
                <Baseline points="930,2828 1056,2834 1182,2840 1308,2842 1434,2844 1560,2846 1686,2846 1812,2846 1938,2844 2064,2842 2190,2842 2316,2840 2442,2840 2568,2840 2694,2842 2820,2844 2946,2848 3072,2853 3198,2862 3324,2872 3450,2884"/>
                <TextEquiv>
                    <Unicode>che scrissero il medesimo di Eurilionte Ascanio. et dicono che due eta doppola rovina di Ilia fu fatta</Unicode>
                </TextEquiv>
            </TextLine>
            <TextLine id="r1l29" custom="readingOrder {index:28;}">
                <Coords points="920,2930 1048,2936 1177,2942 1306,2945 1434,2948 1563,2949 1692,2950 1820,2950 1949,2948 2078,2948 2207,2946 2335,2946 2464,2944 2593,2944 2721,2946 2850,2946 2979,2950 3107,2954 3236,2959 3365,2967 3494,2976 3494,2915 3365,2906 3236,2898 3107,2893 2979,2889 2850,2885 2721,2885 2593,2883 2464,2883 2335,2885 2207,2885 2078,2887 1949,2887 1820,2889 1692,2889 1563,2888 1434,2887 1306,2884 1177,2881 1048,2875 920,2869"/>
                <Baseline points="920,2910 1048,2916 1177,2922 1306,2925 1434,2928 1563,2929 1692,2930 1820,2930 1949,2928 2078,2928 2207,2926 2335,2926 2464,2924 2593,2924 2721,2926 2850,2926 2979,2930 3107,2934 3236,2939 3371,2951 3500,2960"/>
                <TextEquiv>
                    <Unicode>Roma. Ma quello anchora che esso Dionysio adduce, oltre à questo, e quel che osservarono et compi¬</Unicode>
                </TextEquiv>
            </TextLine>
            <TextLine id="r1l30" custom="readingOrder {index:29;}">
                <Coords points="928,3029 1053,3034 1178,3037 1304,3041 1429,3041 1555,3043 1680,3043 1805,3043 1931,3041 2056,3041 2182,3039 2307,3039 2432,3037 2558,3037 2683,3038 2809,3039 2934,3041 3059,3045 3185,3049 3310,3055 3436,3063 3436,3000 3310,2992 3185,2986 3059,2982 2934,2978 2809,2976 2683,2975 2558,2974 2432,2974 2307,2976 2182,2976 2056,2978 1931,2978 1805,2980 1680,2980 1555,2980 1429,2978 1304,2978 1178,2974 1053,2971 928,2966"/>
                <Baseline points="928,3008 1053,3013 1178,3016 1304,3020 1429,3020 1555,3022 1680,3022 1805,3022 1931,3020 2056,3020 2182,3018 2307,3018 2432,3016 2558,3016 2683,3017 2809,3018 2934,3020 3059,3024 3185,3028 3310,3034 3436,3042"/>
                <TextEquiv>
                    <Unicode>larono i sacerdoti di Argo: havendo notate le cose fatte in detto tempo, et dissero che Aenea venuto</Unicode>
                </TextEquiv>
            </TextLine>
            <TextLine id="r1l31" custom="readingOrder {index:30;}">
                <Coords points="934,3133 1060,3136 1186,3139 1312,3141 1438,3141 1564,3143 1690,3141 1816,3141 1942,3141 2068,3139 2194,3139 2320,3137 2446,3137 2572,3135 2698,3135 2824,3135 2950,3137 3076,3137 3202,3141 3328,3143 3454,3149 3454,3086 3328,3080 3202,3078 3076,3074 2950,3074 2824,3072 2698,3072 2572,3072 2446,3074 2320,3074 2194,3076 2068,3076 1942,3078 1816,3078 1690,3078 1564,3080 1438,3078 1312,3078 1186,3076 1060,3073 934,3070"/>
                <Baseline points="934,3112 1060,3115 1186,3118 1312,3120 1438,3120 1564,3122 1690,3120 1816,3120 1942,3120 2068,3118 2194,3118 2320,3116 2446,3116 2572,3114 2698,3114 2824,3114 2950,3116 3076,3116 3202,3120 3328,3122 3454,3128"/>
                <TextEquiv>
                    <Unicode>nelli Molossi popoli dell'Epiro doppo Ulysse in Italia. fu di Roma edificatore, per che havendo da</Unicode>
                </TextEquiv>
            </TextLine>
            <TextLine id="r1l32" custom="readingOrder {index:31;} unclear {offset:89; length:3;}">
                <Coords points="942,3237 1067,3242 1193,3245 1318,3247 1444,3249 1570,3249 1695,3249 1821,3247 1946,3247 2072,3245 2198,3245 2323,3243 2449,3241 2574,3241 2700,3241 2826,3241 2951,3241 3077,3243 3202,3244 3328,3247 3454,3251 3454,3188 3328,3184 3202,3181 3077,3180 2951,3178 2826,3178 2700,3178 2574,3178 2449,3178 2323,3180 2198,3182 2072,3182 1946,3184 1821,3184 1695,3186 1570,3186 1444,3186 1318,3184 1193,3182 1067,3179 942,3174"/>
                <Baseline points="942,3216 1067,3221 1193,3224 1318,3226 1444,3228 1570,3228 1695,3228 1821,3226 1946,3226 2072,3224 2198,3224 2323,3222 2449,3220 2574,3220 2700,3220 2826,3220 2951,3220 3077,3222 3202,3223 3328,3226 3454,3230"/>
                <TextEquiv>
                    <Unicode>una delle Ilionense chiamata Roma seco: et costei havendo per male di andar cosi erranti per</Unicode>
                </TextEquiv>
            </TextLine>
            <TextLine id="r1l33" custom="readingOrder {index:32;} unclear {offset:29; length:7;}">
                <Coords points="936,3329 1062,3335 1189,3340 1316,3343 1443,3347 1570,3349 1696,3350 1823,3351 1950,3351 2077,3351 2204,3349 2330,3349 2457,3347 2584,3345 2711,3343 2838,3342 2964,3341 3091,3339 3218,3339 3345,3337 3472,3337 3472,3274 3345,3274 3218,3276 3091,3276 2964,3278 2838,3279 2711,3280 2584,3282 2457,3284 2330,3286 2204,3286 2077,3288 1950,3288 1823,3288 1696,3287 1570,3286 1443,3284 1316,3280 1189,3277 1062,3272 936,3266"/>
                <Baseline points="936,3308 1062,3314 1189,3319 1316,3322 1443,3326 1570,3328 1696,3329 1823,3330 1950,3330 2077,3330 2204,3328 2330,3328 2457,3326 2584,3324 2711,3322 2838,3321 2964,3320 3091,3318 3218,3318 3345,3324 3472,3324"/>
                <TextEquiv>
                    <Unicode>mare, confortò l'altre Donne troiane ad abruciarle Navi, et cosi fecero, et cosi remaste nelluo</Unicode>
                </TextEquiv>
            </TextLine>
            <TextLine id="r1l34" custom="readingOrder {index:33;}">
                <Coords points="920,3425 1046,3428 1172,3431 1298,3433 1424,3435 1550,3435 1676,3437 1802,3438 1928,3439 2054,3439 2180,3441 2306,3441 2432,3441 2558,3443 2684,3443 2810,3443 2936,3445 3062,3445 3188,3447 3314,3449 3440,3451 3440,3388 3314,3386 3188,3384 3062,3382 2936,3382 2810,3380 2684,3380 2558,3380 2432,3378 2306,3378 2180,3378 2054,3376 1928,3376 1802,3375 1676,3374 1550,3372 1424,3372 1298,3370 1172,3368 1046,3365 920,3362"/>
                <Baseline points="920,3404 1046,3407 1172,3410 1298,3412 1424,3414 1550,3414 1676,3416 1802,3417 1928,3418 2054,3418 2180,3420 2306,3420 2432,3420 2558,3422 2684,3422 2810,3422 2936,3424 3062,3424 3188,3426 3314,3428 3440,3430"/>
                <TextEquiv>
                    <Unicode>go dove si fermarono fu fatta Roma et da lei appellata: et questa istessa gloria gli da nelli suoi scritti</Unicode>
                </TextEquiv>
            </TextLine>
            <TextLine id="r1l35" custom="readingOrder {index:34;} unclear {offset:94; length:3;}">
                <Coords points="906,3525 1034,3527 1163,3527 1292,3529 1421,3530 1550,3531 1679,3533 1808,3534 1937,3535 2066,3537 2195,3539 2323,3539 2452,3541 2581,3543 2710,3545 2839,3547 2968,3549 3097,3551 3226,3553 3355,3557 3484,3559 3484,3496 3355,3494 3226,3490 3097,3488 2968,3486 2839,3484 2710,3482 2581,3480 2452,3478 2323,3476 2195,3476 2066,3474 1937,3472 1808,3471 1679,3470 1550,3468 1421,3467 1292,3466 1163,3464 1034,3464 906,3462"/>
                <Baseline points="906,3504 1034,3506 1163,3506 1292,3508 1421,3509 1550,3510 1679,3512 1808,3513 1937,3514 2066,3516 2195,3518 2323,3518 2452,3520 2581,3522 2710,3524 2839,3526 2968,3528 3097,3530 3226,3532 3355,3547 3474,3560"/>
                <TextEquiv>
                    <Unicode>Damaste Sigeo. Ma Aristotele stagirita philosopho, racconta il fatto cosi presso dell'istesso Dio</Unicode>
                </TextEquiv>
            </TextLine>
            <TextLine id="r1l36" custom="readingOrder {index:35;}">
                <Coords points="930,3614 1055,3614 1181,3612 1306,3614 1432,3614 1557,3614 1683,3616 1808,3618 1934,3620 2059,3622 2185,3624 2310,3624 2436,3626 2561,3628 2687,3630 2812,3632 2938,3634 3063,3634 3189,3635 3314,3636 3440,3636 3440,3581 3314,3581 3189,3580 3063,3579 2938,3579 2812,3577 2687,3575 2561,3573 2436,3571 2310,3569 2185,3569 2059,3567 1934,3565 1808,3563 1683,3561 1557,3559 1432,3559 1306,3559 1181,3557 1055,3559 930,3559"/>
                <Baseline points="930,3596 1055,3596 1181,3594 1306,3596 1432,3596 1557,3596 1683,3598 1808,3600 1934,3602 2059,3604 2185,3606 2310,3606 2436,3608 2561,3610 2687,3612 2812,3614 2938,3616 3063,3616 3189,3617 3314,3618 3440,3618"/>
                <TextEquiv>
                    <Unicode>nysio: I' greci partiti da Troia lungo la Melea in Navi sendo presi dal mal tempo, et dale gravi</Unicode>
                </TextEquiv>
            </TextLine>
            <TextLine id="r1l37" custom="readingOrder {index:36;} unclear {offset:70; length:5;}">
                <Coords points="934,3690 1060,3694 1186,3697 1312,3700 1438,3702 1564,3704 1690,3707 1816,3709 1942,3712 2068,3714 2195,3714 2321,3716 2447,3718 2573,3720 2699,3722 2825,3722 2951,3724 3077,3726 3203,3727 3329,3728 3456,3730 3456,3675 3329,3673 3203,3672 3077,3671 2951,3669 2825,3667 2699,3667 2573,3665 2447,3663 2321,3661 2195,3659 2068,3659 1942,3657 1816,3654 1690,3652 1564,3649 1438,3647 1312,3645 1186,3642 1060,3639 934,3635"/>
                <Baseline points="934,3672 1060,3676 1186,3679 1312,3682 1438,3684 1564,3686 1690,3689 1816,3691 1942,3694 2068,3696 2195,3696 2321,3698 2447,3700 2573,3702 2699,3704 2825,3704 2951,3706 3077,3708 3203,3709 3329,3710 3456,3712"/>
                <TextEquiv>
                    <Unicode>tempeste exagitati, havere molti luoghi del mare errato. et allultimo esser inquel luogo dell'opi¬</Unicode>
                </TextEquiv>
            </TextLine>
            <TextLine id="r1l38" custom="readingOrder {index:37;}">
                <Coords points="922,3807 1046,3807 1171,3807 1296,3807 1421,3809 1546,3809 1671,3809 1796,3809 1921,3809 2046,3809 2171,3809 2295,3809 2420,3809 2545,3809 2670,3811 2795,3811 2920,3811 3045,3811 3170,3812 3295,3813 3420,3813 3420,3750 3295,3750 3170,3749 3045,3748 2920,3748 2795,3748 2670,3748 2545,3746 2420,3746 2295,3746 2171,3746 2046,3746 1921,3746 1796,3746 1671,3746 1546,3746 1421,3746 1296,3744 1171,3744 1046,3744 922,3744"/>
                <Baseline points="922,3786 1046,3786 1171,3786 1296,3786 1421,3788 1546,3788 1671,3788 1796,3788 1921,3788 2046,3788 2171,3788 2295,3788 2420,3788 2545,3788 2670,3790 2795,3790 2920,3790 3045,3790 3170,3791 3295,3792 3420,3792"/>
                <TextEquiv>
                    <Unicode>ca Regione venuti, che vicino al Mare Tyrrheno latino chiamavasi, et conlieti animi, veduto</Unicode>
                </TextEquiv>
            </TextLine>
            <TextLine id="r1l39" custom="readingOrder {index:38;}">
                <Coords points="924,3905 1049,3910 1175,3914 1301,3917 1426,3917 1552,3917 1678,3917 1803,3915 1929,3913 2055,3911 2181,3909 2306,3907 2432,3905 2558,3903 2683,3903 2809,3903 2935,3903 3060,3905 3186,3909 3312,3915 3438,3921 3438,3858 3312,3852 3186,3846 3060,3842 2935,3840 2809,3840 2683,3840 2558,3840 2432,3842 2306,3844 2181,3846 2055,3848 1929,3850 1803,3852 1678,3854 1552,3854 1426,3854 1301,3854 1175,3851 1049,3847 924,3842"/>
                <Baseline points="924,3884 1049,3889 1175,3893 1301,3896 1426,3896 1552,3902 1678,3902 1804,3905 1929,3892 2055,3890 2181,3888 2306,3886 2432,3884 2558,3882 2683,3882 2809,3882 2935,3882 3060,3884 3186,3888 3312,3894 3473,3903"/>
                <TextEquiv>
                    <Unicode>la Terra, havervi le Navi tirate, et quivi quella invernata fermatisi, apparecchiati certa¬</Unicode>
                </TextEquiv>
            </TextLine>
            <TextLine id="r1l40" custom="readingOrder {index:39;}">
                <Coords points="918,4017 1042,4019 1167,4021 1291,4021 1416,4023 1541,4021 1665,4021 1790,4019 1914,4019 2039,4017 2164,4015 2288,4013 2413,4011 2537,4009 2662,4007 2787,4005 2911,4005 3036,4005 3160,4005 3285,4005 3410,4007 3410,3944 3285,3942 3160,3942 3036,3942 2911,3942 2787,3942 2662,3944 2537,3946 2413,3948 2288,3950 2164,3952 2039,3954 1914,3956 1790,3956 1665,3958 1541,3958 1416,3960 1291,3958 1167,3958 1042,3956 918,3954"/>
                <Baseline points="918,3996 1042,3998 1167,4000 1291,4000 1416,4002 1541,4000 1665,4000 1790,3998 1914,3998 2039,3996 2164,3994 2288,3992 2413,3990 2537,3988 2662,3986 2787,3984 2911,3984 3036,3984 3160,3984 3285,3984 3410,3986"/>
                <TextEquiv>
                    <Unicode>mente all'entrar' della prima vera di seguir loro corso: ma abbruciate lor di notte Le Navi,</Unicode>
                </TextEquiv>
            </TextLine>
            <TextLine id="r1l41" custom="readingOrder {index:40;}">
                <Coords points="920,4109 1045,4115 1170,4121 1295,4124 1420,4125 1546,4127 1671,4125 1796,4125 1921,4123 2046,4121 2172,4119 2297,4117 2422,4114 2547,4112 2672,4111 2798,4109 2923,4109 3048,4109 3173,4111 3298,4115 3424,4119 3424,4056 3298,4052 3173,4048 3048,4046 2923,4046 2798,4046 2672,4048 2547,4049 2422,4051 2297,4054 2172,4056 2046,4058 1921,4060 1796,4062 1671,4062 1546,4064 1420,4062 1295,4061 1170,4058 1045,4052 920,4046"/>
                <Baseline points="920,4088 1045,4094 1170,4100 1295,4103 1420,4104 1546,4106 1671,4104 1796,4104 1921,4102 2046,4100 2172,4098 2297,4096 2422,4093 2547,4091 2672,4090 2798,4088 2923,4088 3048,4088 3173,4090 3298,4094 3424,4098"/>
                <TextEquiv>
                    <Unicode>non havendo conche tornarsene, ne potendo inquella necessitade altramente consigliarsi, delibe¬</Unicode>
                </TextEquiv>
            </TextLine>
            <TextLine id="r1l42" custom="readingOrder {index:41;}">
                <Coords points="924,4207 1048,4215 1173,4220 1298,4225 1423,4227 1548,4229 1672,4231 1797,4231 1922,4231 2047,4229 2172,4227 2296,4225 2421,4223 2546,4221 2671,4219 2796,4217 2920,4215 3045,4213 3170,4211 3295,4211 3420,4211 3420,4148 3295,4148 3170,4148 3045,4150 2920,4152 2796,4154 2671,4156 2546,4158 2421,4160 2296,4162 2172,4164 2047,4166 1922,4168 1797,4168 1672,4168 1548,4166 1423,4164 1298,4162 1173,4157 1048,4152 924,4144"/>
                <Baseline points="924,4186 1048,4194 1173,4199 1298,4204 1423,4206 1548,4208 1672,4210 1797,4210 1922,4210 2047,4208 2172,4206 2296,4204 2421,4202 2546,4200 2671,4198 2796,4196 2920,4194 3045,4192 3170,4190 3295,4190 3424,4207"/>
                <TextEquiv>
                    <Unicode>rarono menar la vita nelluogo dove condotti eransi fermati. et questo esser loro intervenuto</Unicode>
                </TextEquiv>
            </TextLine>
            <TextLine id="r1l43" custom="readingOrder {index:42;}">
                <Coords points="914,4319 1038,4327 1163,4333 1288,4338 1412,4341 1537,4341 1662,4343 1786,4341 1911,4339 2036,4337 2161,4335 2285,4331 2410,4329 2535,4325 2659,4323 2784,4319 2909,4317 3033,4317 3158,4315 3283,4317 3408,4319 3408,4256 3283,4254 3158,4252 3033,4254 2909,4254 2784,4256 2659,4260 2535,4262 2410,4266 2285,4268 2161,4272 2036,4274 1911,4276 1786,4278 1662,4280 1537,4278 1412,4278 1288,4275 1163,4270 1038,4264 914,4256"/>
                <Baseline points="914,4298 1038,4306 1163,4312 1288,4317 1412,4320 1537,4320 1662,4322 1786,4320 1911,4318 2036,4316 2161,4314 2285,4310 2410,4308 2535,4304 2659,4302 2784,4298 2909,4296 3033,4296 3158,4294 3283,4296 3408,4298"/>
                <TextEquiv>
                    <Unicode>perla cagion'di quelle Donne, che prigioni de Troiani menavano, che temendo deritornarsi,</Unicode>
                </TextEquiv>
            </TextLine>
            <TextEquiv>
                <Unicode>nosca la verita come passarono le cose. La onde dice egli. Che Roma non è dubio alcuno, che fu colonia delli Albani,
et nelle decessette età di doppo la presa di Troia, ò vogliamo dire Ilione. et fabricarono essa colonia nelluogo
chiamato Palazzo, gia sedia dell'antico Evandro: ò pure vi fecero in essa età insieme duoi colli, il colle
palatino et il saturnio inristretto, cio è aggiunsero quel colle al palazzo che fu poi fatto capitalio, per
che quivi nel saturnio, gia havevano habitato i peloponnesi, et nel palatino gli Arcadi. Il duce che
condusse la colonia dell'Albani fu Romolo, il quale per decesette gradi traheva la origine da AeneaTro¬
iano. Ma Agathillo scrisse nel suo poema, che Aenea partito dall'Isola Capie di Arcadia, vi lascio due
sue figliuole, et venuto in Terra Hesperia, che cosi all'hora si diceva Italia Genero Romolo, che edificò
Roma. In unaltro luogo esso Dionysio dice. Doppo l'edification'd'Alba longa, l'ultimo della fameglia Silvia,che
fu Numitore fù dedutta colonia Roma sotto di Romolo et di Remo. Perche Amulio Silvio Traditore, ha
vendo cacciato Numitore del stato, et stato nel governo quaranta duoi anni, Numitore conlo aiuto di
Romolo, et di Remo s'ripose nel stato uccidendo Amulio, et questo Romulo et Remo erano nati di una
fanciulla sacra figliuola di Numitore; per che questo era Avolo materno à Romolo et a Remo. Laon¬
de nel secondo anno Numitore del ricevuto dominio, et nelli quattrocento trenta duoianni doppola
presa d'Ilio ò Troia, comela vogliamo chiamare, molti degli Albani si congregarono, et fe che Romolo et
Remo li conducessero adedificare la colonia, et fecero Roma. La quale edificarono sul detto colle nel
primo anno della olympiade settima: nella quale hebbe l'honore Megenio Daciale, et incotal tempo regna
va in Athene Charopo, e nelloprimo delli dieci anni ch'esso Charopo prese il governo fu funduta Ro
ma. Ma Cephalone, presso del medesimo Dionysio, di Gargithio citta antichissimo scrittore dice essere
stata questa città edificata nella seconda etade doppo la guerra Troiana da coloro che con Aenea salvaron
si dall'incendio, ma per suo conditore et guida dela colonia mette Remo, lo quale dice esser stato un dei
figliuoli di Aenea: per cio che scrisse che Aenea havere havuti quattro figliuoli, Ascanio, Eurihonte
Romolo, et Remo. il cui tempo discorda, et in natura et intutte l'altre historie: come cosa difficile che'l huo
mini s'accordino duoi à un Tempo à vivere due etadi che s'intendono ducento anni: concio sia cosa che
in questo pose il contrasto di essi duoi fratelli, chi diloro lhaveano aporre il nome. Oltre Dionysio in una loro
luogo viene con unaltra memoria, dicendo che Eurilionte sia il medesimo che è Ascanio nato di Lavi
nia Delia. et presso ad essa oppenione allega Agathillo poeta, et vi aggiunge la oppenione di Demagora
che scrissero il medesimo di Eurilionte Ascanio. et dicono che due eta doppola rovina di Ilia fu fatta
Roma. Ma quello anchora che esso Dionysio adduce, oltre à questo, e quel che osservarono et compi¬
larono i sacerdoti di Argo: havendo notate le cose fatte in detto tempo, et dissero che Aenea venuto
nelli Molossi popoli dell'Epiro doppo Ulysse in Italia. fu di Roma edificatore, per che havendo da
una delle Ilionense chiamata Roma seco: et costei havendo per male di andar cosi erranti per
mare, confortò l'altre Donne troiane ad abruciarle Navi, et cosi fecero, et cosi remaste nelluo
go dove si fermarono fu fatta Roma et da lei appellata: et questa istessa gloria gli da nelli suoi scritti
Damaste Sigeo. Ma Aristotele stagirita philosopho, racconta il fatto cosi presso dell'istesso Dio
nysio: I' greci partiti da Troia lungo la Melea in Navi sendo presi dal mal tempo, et dale gravi
tempeste exagitati, havere molti luoghi del mare errato. et allultimo esser inquel luogo dell'opi¬
ca Regione venuti, che vicino al Mare Tyrrheno latino chiamavasi, et conlieti animi, veduto
la Terra, havervi le Navi tirate, et quivi quella invernata fermatisi, apparecchiati certa¬
mente all'entrar' della prima vera di seguir loro corso: ma abbruciate lor di notte Le Navi,
non havendo conche tornarsene, ne potendo inquella necessitade altramente consigliarsi, delibe¬
rarono menar la vita nelluogo dove condotti eransi fermati. et questo esser loro intervenuto
perla cagion'di quelle Donne, che prigioni de Troiani menavano, che temendo deritornarsi,</Unicode>
            </TextEquiv>
        </TextRegion>
    </Page>
</PcGts>
