3800 5255
3016 136 3160 302 54
3160 252 3240 414 51
422 377 2900 466 l'albergo in Pannonia. La quindecima dette Apollonia, ò apollinare in Cappadocia, et le due
432 472 2892 571 sotto numero di Vigesimo cognominate Valeria, et Vincitrice, hebbero li alloggiamenti nel
438 589 2880 676 la Brittannia et nella Germania, lequali mutarono il nome. et parte sono state discolte et par
422 695 2870 810 ti toltogli il nome di Augusto: et queste due furono da Augusto istesso mutate, onde al tempo dela
424 801 2858 908 presente dedicatione non visi trovano. Et parte anchora dice, il medesimo Dione furono guasta
438 903 2846 1012 te dall'altri imperatori: et parte sono state chiamate Gemelle. et queste legioni come erano
422 1017 2822 1112 al Tempo di Alexandro Severo, li veggiamo inla memoria antica. Dice di piu Dione, che,
434 1117 2850 1218 Nerone ordino la prima chiamata Italica posto nell'inferiore Mysia, et Servio Sulpicio Galba
434 1225 2850 1328 ordino la legione Ausiliatica nella Pannonia inferiore: et la quarta Flavia nella Syria per
422 1331 2828 1439 ordine di Domitiano, et constitui la Prima chiamata Minervia: et la pose nella Germania in
418 1425 2820 1541 feriore: et Traiano constitui la seconda chiamata Ulpia Aegyptia. et la Trentesima Ulpia Ger
414 1543 2824 1640 manica: et Antonino et Marco Aurelio constitui la seconda legione Italica nell Norica; et
414 1649 2816 1750 la tertia Italica nella Raetia: Severo ordino, la prima, la seconda et la terza parthiche,
426 1755 2818 1858 et la prima et la Tertia loco nella Mesopotamia, et la seconda in Italia. Erano oltre à questi
408 1868 2822 1959 la legione chiamata civile, quella de Veterani mazzieri, ch'erano di soldati chiamati: Vi
400 1960 2820 2065 era la Cornuta, la Bracata de Bracarum. et la Praetoria ch'era perla costodia del princi
422 2081 2808 2165 pe, che alloggiava in Alba Longha et nel Castro praetorio in Roma. posto dila dell'Aggeri di
426 2185 2818 2263 Tarquinio, edificato da Tiberio Caesare. Vi era la leggione Peregrina di diecemila huomini come
428 2285 2812 2365 era la praetoriana. Vi erano quindici cohorti, che erano intitulate di Vigili che guardava¬
424 2391 2820 2482 no la citta, et dale pericoli et insulti del fuoco. et lo exercito Peregrino habitava in Roma nel Mon
410 2495 2816 2592 te Caelio al Tempio di Iove Peregrino: lo quale exercito come dice Marco Tullio, serviva per com
430 2600 2828 2692 battere le differenze de confini delle nationi amiche al popolo Romano. Haveano insino al nume
422 2696 2772 2794 ro di seimila cavaglieri Batavi habitatori nell'Isola del Rheno huomini valorosi accavallo.
414 2792 2816 2928 haveano infinito numero di cavalli, et da cinquanta mila huomini d'Armi come dice Appiano
406 2903 2796 3032 Alexandrino, et li pedoni erano ducentomila nelle sudette leggioni. et per provigione haveano
402 3009 2774 3124 l'Armamentario nel monte Caelio. Ma oltre à questo l'apparato di mare fu assai grande al
402 3107 2774 3226 tempo di Augusto: et secondo si trova nelle medaglie di esso imperatore, sotto nome di legio
398 3200 2776 3326 ni et colle Navi sottili da Remi, erano Trenta leggioni, nominate, la prima, la secon
392 3298 2808 3430 da, la terza, la quarta, la quinta, la sexta, la settima, l'ottava, la nona, la decima, et cosi
386 3394 2766 3540 moltiplicando, erano per insino alla trentesima; tutte sotto cognome di Auguste nelle
398 3512 2782 3646 quali era la chiamata Alaude, constituita da Caesare: ma sendo dipoi queste invecchia
398 3622 2786 3736 te, et mutate, et rinovate dalli successori dell'imperio, fu rotto quell'ordine, di una et
398 3721 2772 3845 due ettre et vascorrendo, presero nome delli restauratori et instituitori di essi, Vitellio im
402 3817 2794 3953 peradore la Rapace, la quale stinse Vespasiano. Ora havendo detto assai delle legioni et
400 3921 2750 4052 havendo toccato dell'armate, è bene adire di esse piu chiaramente accioche la somma del
408 4045 2768 4162 tutto inquesto luogho si legga anchora: referendo quanto ne scrive Appiano sotto lo princi¬
394 4147 2794 4248 pato di Aelio Hadriano Augusto cosi dicendo. Ma lo imperio Romano gia non mai fù piu florido
