3800 5255
980 381 3552 497 RAPHANEAE, è nome della citta detta ancho Raphaneas come la denomino il Scepsio, è picciola
1064 461 3522 605 citta della Syria. donde Stephano forma Raphaneotia, cosi ΡΑΦΑΝΕΩΤΗΣ come da Pelae
1054 571 3540 701 Peliote, ò ΠΗΛΙΩΤΗΣ, et da Heraclea, ΗΡΑΚΛΕΩΤΗΣ, sicome è detto nelle Miscellanie
1044 663 1436 725 delle Medaglie.
998 735 3266 871 RAPHANEA, è la sunominata citta nella Syria, ò Soria Regione secondo la scrive Ptolemaeo.
974 1413 3538 1503 RAPHEIA, et, ΡΑΦΕΙΑ, è citta della Syria, et il nome gentile, secondo Stephano Raphiote, in
1050 1523 3294 1609 questo modo nella lingua greca., ΡΑΦΙΩΤΗΣ, come disse Dionysio nella sua historia.
1006 1629 3532 1706 RAPHIA è città della Iudaea Palaestina, che fudetta Ramà. Come è detto piu disopra in Ramà: dalla
1102 1707 1812 1772 quale Raphiaei et Ramaei.
938 2931 3486 3056 RASALMA, è fiume della Mauretania nell'Africa gia dall'antichi chiamato Sala, donde i paesani
1016 3005 1552 3084 Rasalmatei appellati.
966 3173 3428 3285 RASOCULMO, è voce vulgare, preso perlo promontorio di Sicilia gia chiamato dell'antichi Phalacro.
1044 3247 1804 3303 dall'essere bianco sassoso incima
986 3331 3462 3451 RASTIA, et ΡΑΣΤΕΙΑ, è antica città della Galatia come narra Ptolemaeo. et donde i populi si scrivono
1048 3411 1566 3477 Rastiaei, et Rastiaensi.
970 3596 3494 3725 RATACENSII, et, ΡΑΤΑΚΕΝΣΙΟΙ, sono Populi della Dacia, come piace a Ptolemaeo. Detti gia da Ratace loro
1048 3669 1184 3731 città.
962 3916 3462 4045 RATENIO, Ratenium, ΡΑΤΗΝΙΟΝ, è castello della Liburnia Regione, di cui singularmente scrive Pli¬
1030 3980 3162 4113 nio nel terzo libro al capo ventiduoi. donde s'ha da scrivere Ratenio, Ratenij lhabitatori.
962 4153 3514 4285 RATIASTO, Ratiastum; ΡΑΤΙΑΣΤΟΝ, è città nelli Pictoni populi nell'Aquitania, nominata da Ptolemaeo.
1034 4243 3504 4375 donde Ratiastonensij i populi. Come Rastiastona Pallade Iddea gia venerata nelluogo. comesi trova nella me¬
1038 4307 2340 4421 daglia Municipale, con essa Dea et il Bove con l'altare.
984 4370 3538 4571 RATIO, Rationis, ò vogliamo dire la Ragione. L'antichi dipignevano una bella Donna vestita di stola sottile et candida
1028 4464 3526 4647 trasparente conl a castula vesticciola corta sopra alla stola col Mantelletto Azzurro dalla destra tiene una Tazza con
1036 4566 3492 4729 una lingua humana sopra la quale una limma, per le cose bene rationate et limmate, dalla sinistra tiene una
1014 4652 2572 4781 scure ò bipenne accetta da due tagli ch'è della iustitia instrumento.
