3800 5255
2006 209 2398 275 DI ROMA
1036 327 3364 457 Cavandosi nel Bagno Daphnide, nella quarta Regione dela citta intitulata Templum pacis, nel lato
1096 415 3380 573 chel Foro palladio Transitorio ò di Nerva, verso mezzo giorno, furono trovate molte reliquie
1102 529 3402 683 di ornamenti antichi, fra li quali viera un bellissimo Torso di un Giovanetto di molta dilicatura,
1104 623 3416 793 preso da un'Aquila, lo quale secondo le parole ch'erano scritte nella sua base come è qui sotto
1096 737 3390 903 posto fu il Ganimede opera di Leocharo Atheniese scultore eccellentissimo. Ora perche Gani,
1102 845 3434 995 mede sia stato sculpito come fusse stato rapito da Iove in forma di Aquila trasformato, ci dimostra
1106 939 3386 1093 cio, come cosa poetica ritrovato per farlo immortale. Costui dicono Fu figliuolo di Troilo, et
1094 1039 3392 1185 Giovanetto fortissimo. et di singular bellezza, lo quale mentre andava cacciando conli cani sul
1078 1141 3392 1293 Monte Ida dela phrigia fu rapito da Iove informa d'Aquila, et fattolo incielo suo coppiere
1094 1241 3394 1409 et ministro del bere: et questo è secondo i poeti come particolarmente il dice Ovidio nelle trasmu¬
1080 1333 3418 1495 tationi. et gli Astrologi lo poneno trale sydera et lo chiamano Aquario, uno deli segni del celeste
1086 1427 3402 1595 Zodiaco, come dice Hygino, di cui anchora favola Virgilio nel primo dell'Aeneide: et per que
1082 1527 3384 1689 sto ratto Iunone hebbe inodio i Troiani et favoriva i Greci nell'assedio d'Ilio. Ma nel vero tutto
1092 1641 3420 1769 questo è Favola: percio che la verita come scrive Herodiano è che Ganimede combattendo con
1108 1735 3390 1861 tra Hylo anchor'esso giovanetto per causa di confini, tenendo Ganymede la parte dell'lliesi, et Hy
1094 1837 3378 1949 lo quella deli phrygijdli Lydia; fu ucciso Ganymede nelluogo chiamato Pesinonte, dal cadere
1102 1935 3412 2059 morti quivi molti. Cosi sendo quivi sepolto: per consolare i parenti fu detto essere stato fura¬
1100 2035 3396 2149 to da Iove nella caccia: et questa è la causa che fu sculpito afferrato dall'Aquila, ucello
1126 2139 2206 2215 per significato dell'anima assunta in cielo.
1190 2547 2062 2627 ΓΑΝΥ ΜΗΔΗϹ
1174 2711 2042 2781 ΛΕωΧΑΡΟΥϹ
1204 2903 1982 2975 ΑΘΗΝΑΙΟΥ
1332 3539 1516 3617 Pal: 3 ¾
2079 3290 2132 3509 Pal: 6÷
2193 3129 3616 3193 Al fonte di Trievi in casa di Monsignore Agnelo Colotio si trova raccolta
2264 3209 3596 3281 questa sottoscritta memoria: ove è sculpito il simulachro di un
2256 3291 3580 3361 giovane, che la le mani et ele punte depiedi troncati, il che non è per
2256 3365 3616 3435 difetto di rottura del marmo, ma fatti apposta cosi sulletto giacente
2266 3429 3616 3497 con quel Ramo d'Hellera pianta di Baccho. et nella sua inscrittione
2236 3497 3584 3573 non se fa menzione alcuna del storpio: Ma si bene dice che vi è se
2256 3579 3604 3650 polto Petro Corvo, il quale fù gratiosissimo, bono ami, bone sententie
2264 3665 3620 3726 simplice, et perla dotta causa il fratello le dedica l'Urna ò memo¬
2256 3747 2372 3802 ria.
2459 4213 3163 4249 ΓΕΜΙΝΑΝ•ΕΚΑΛΕϹΑΝ
2294 4267 3398 4306 ΕϹΧΕΙΔΕ•ΚΑΙ•ΑΛ•ΟΝΜΑ•ΧΑΡΙΕϹΤΑΤΟΝ•ΟΝΠΟΘ
2292 4317 3424 4362 ΕΤΑΙΡΟΙ•ΠΕΤΡΟΚΟΡΑΚΑ•ΝΕΚΗ•ΖΟΝΟΝ•ΤΑΧΥΒΡ¬
2300 4370 3412 4414 ΟΤΟΝ•ΟϹΤΙϹ•ΤΟΙΑΝ ΕΚΤΗϹΑΤΟΓΝωΜΗΝ•ΗϹΚΙΤΗ
2304 4419 3390 4466 ΝΑΠΛΟΤΗΤΑ•ΦΙΛΟΥϹ•ΥΠΕΡΑΤΟΝ•ΕΤΙΜΑ•ΔΙΑΤΟΥΤΟ
2292 4461 3446 4512 ΜΝΗΜΗϹ ΕΝΕΚΕΝ•ΧΑΡΙΤΟϹ•ΔΕ•ΑΠΑϹΗϹ•ΟΙϹ•ΟΙ•ΑΔΕΛΦΟΙ
2300 4514 3278 4567 ΕΘΗΚΑΝ•ΓΝωϹΤΟΝ•ΠΟΛΛΟΙϹΟΙ•ΒΡΟ•ΤΟΙ•ϹΙ ΙΝΑ
2332 4566 3432 4624 ϹΕ•ΠΑϹ•ΠΑΡΑ•ΤωΝ ΟΝΟΜΑΖΗ•ΑΓΑΘΕ•ΠΕΓΡΟΚΟΡΑΣ
2620 4631 3016 4674 ΕΖΗ ΕΤΗ ΧΧΧ•
2686 4899 2986 4969 incasa del Colotio.
