3800 5255
3235 128 3332 296 98
3148 146 3235 302 97
2996 252 3104 406 94
1294 233 1696 315 DI ROMA
420 331 2788 499 Gia molti anni sono, che questa tavola di marmo fu tolta nella Via Nomentana dal Tempio di
464 433 2810 595 Baccho consecrato à Santa Agnese: et portato nella casa di Monsignore Agnelo Colotio: poscia dop¬
450 547 2786 685 po la sua morte è stato locato incasa di M: Mario Delphino. La qual memoria è di Menophilo,
470 644 2814 791 huomo generoso Asiatico. percioche il senso dice incotalmodo in questa sentenza. El nome
468 762 2818 893 mio è Menophilo, il quale poco fà morij et giaccio qui in terra Italiana ove dilettai l'anima
448 857 2804 997 ma, essendo però venuto d'Asia, il qual sempre visseallegro ridendo burlando e sguazzando;
464 960 2842 1087 et allegramente con canti dilettai l'animo de ciascheduno, non contristai mai persona, negia
466 1056 2866 1182 mai dissi parola ingiuriosa: ma vissibene amico a le Muse, à Baccho, et à Venere.⁓ La cui sen
2646 1373 3056 1449 ⁊v•655.z.z
718 1258 2498 1389 ΕΥΦΡΑΝΘΕΙΣ, ΣΥΝΕΧΩΣ ΓΕΛΑΣΑΣ, ΑΣ, ΠΑΙΣΑΣ ΤΕ ΤΡΥΦΗΣΑΣ
744 1364 2344 1483 ΚΑΙ ΨΥΧΗΝ ΙΛΑΡΩΣ ΠΑΝ ΤΩΝ ΤΕΡΨΑΣΥΝ ΑΟΙΔΑΙΣ
724 1465 2288 1583 ΟΥΔΕΝ ΑΛΥΠΗΣ ΑΣ ΟΥ ΛΟΙΔΟΡΑ ΡΗΜΑΤΑ ΠΕΜΨΑΣ
740 1559 2394 1681 ΑΜΑΦΙΛΟΣ ΜΟΥΣΩΝ ΒΡΟΜΙΟΥ ΠΑΦΙΗΣΤΕ ΒΙΩΣΑΣ
728 1657 2394 1783 ΕΕ ΑΣΙΗΣ ΕΛΘΩΝ ΙΤΑΛΗ ΧΘΟΝΙ ΕΝΘΑΔE ΚΕΙ ΜΑΙ
744 1757 2416 1869 ΕΝ ΦΟΙΜΕΝΟΙΣ ΝΕΟΣΩΝ ΤΟΥ ΝΟΜΑ ΜΗΝΟΦΙΛΟΣ.
404 1978 1408 2099 tenza anchora nella latina lingua è cosi.
872 2069 1914 2157 Assiduo Lusii, et vitam per gaudia duxi.
870 2172 2026 2252 E que aliorum animis exemi Carmine curas,
876 2264 2172 2346 Non re non verbis in quenqua iniurius unqua
880 2358 2204 2445 Sed Carus Musis, Baccho, Venerisque Profectus
888 2456 2200 2541 EX ASIA, Ausonia hic Iaceo Tumulatus Arena
968 2550 2084 2637 Preda recens Ditis nomine Minophilus.
420 2660 2944 2734 Questa prima ara mortoria di Cornuto Medico et di Rufina sua figliuola, è nel palazzo vecchio de signori colonnesi. et
450 2746 2924 2812 quella di Decia Daphne, et suoi figliuoli, è ridotta inla piazza di parione, et tolta dala Via ostiense. Opera fatta da par
454 2819 2968 2886 thenio contubernale dulcissimo et incomparabile d'essa Daphne. La terza ara, di Valerio Polemone fatta alla bona
448 2893 2912 2946 memoria di Stlacia sua consorte, fu tolta dala Via Tiburtina, et locata inle cose di San Lorenzo in panisperna. ⁓
52 3048 176 3214 636.2
612 2967 672 3043 Θ•Κ
562 3255 1026 3343 ΚΟΡΝΟΥΤΟΥ
646 3391 982 3467 ΙΑΤΡΟΥ
586 3505 1018 3578 ΚΑΙ ΡΟΥΦΙΝΙ•ΙϹ
662 3597 1014 3672 ΘΥΓΑΤΡΟϹ
1682 3233 1898 3303 Θ•Κ
1550 3320 2014 3377 ΔΕΚΙΑ ΔΑΦΝΗ
1558 3383 2050 3448 ΜΕΓΑ ΤωΝ•ΤΕΚΝωΝ
1546 3457 2042 3506 ΕΠΟΙΗϹΕΝ•ΜΝΗΜΕΙΟΝ
1542 3526 1998 3586 ΚΛ• ΠΑΡΘΕΝΙω
1542 3603 2014 3666 ϹΥΜΒΙωΤω, ΓΑΥΚΥ
1558 3681 2032 3746 ΤΑ Τω ΚΑΙ ΑϹΥΓΡΙΤω
2460 3227 2754 3307 Θ❦Κ
2424 3314 2842 3378 ΟΥΑΛΕ ΡΙΟϹ
2426 3395 2856 3461 ΠΟΛΕΜωΝ
2424 3478 2842 3548 ΤΗΜΑΚΑΡΙΑ
2494 3561 2800 3621 ΕΑΥΤΟΥ
2424 3638 2788 3698 ΓΥΝΑΙΚΙ
2402 3721 2782 3803 ϹΤΛΑΚΚΙΑ
