3800 5255
2914 238 3080 295 34
3106 349 3202 406 31
266 335 2822 427 RHESUS, è nome di fiume et di Re valorosissimo, il quale i greci scrivono, ΡΗΣΟΣ, secondo scrive Suida
310 427 2834 520 fu duce di Byzantij, il quale habitava fuori dela città in Thracia pontica, lo cui luogho s'appellava Rhaesio,
320 502 2830 618 dove fu poi fatta l'aede del Magno Theodoro. Et essendo andato in aiuto di Troiani, in uno suburbano ha
320 591 2854 709 vendo posto il campo di notte sendo assaltato da Ulysse et da Diomede fù ucciso: et dove finila vita il fiume
302 685 2838 795 fù appellato dal suo nome, che è nel territorio di Troia, ò vogliamo dire Iliense. Costui hebbe animo grande
328 774 2828 877 et si fece Re di molti luoghi, et molte cose di lui scrivono i Greci: ma per adornamento del nome del fiu
326 862 2834 963 me recitaremo quello che referisce Parthenio negli Herasti. Dicono, che havanti che Rheso andasse
310 943 2810 1050 in aiuto di Troiani, che nel viaggio predo, et sugiogo di molte terre, et sele fece Tributarie. Poscia sen¬
312 1021 2794 1142 do pervenuto in cio allettato dalla fame di Arganthona bellissima giovane, sene innamorò, et
314 1107 2846 1224 concio sia cosa, che habitasse con lei et che cosi ambi duoi insiemi vivessero di un vitto medemo, non
318 1208 2830 1309 dimeno, anchora cercava, con il cacciar dietro ai cervi et altri animali selvaggi dilettare ala sua
326 1298 2828 1393 amata Donzella, le cui cose nel vero erano gratissime alla giovane: di più anchora che quantun¬
352 1393 2850 1489 que fosse entrato in quella provincia per forza, et che havesse potuto far'anchor del male et agravar
322 1467 2834 1571 i popoli non dimeno per l amor che portava à colei, si astenne di tutti i mali che harrebbe potu
334 1559 2838 1665 to fare. Frale altre cose un giorno richiese la Giovane che volesse seco uscire in campagna ala
332 1671 2816 1765 caccia, il che denego, dicendo, che à lei non si richiedeva essendo in quel grado ch'era uscire tra
332 1773 2850 1852 tanto com mercio d'huomini, il cui parlare parendo a Rheso esser saggio il laudo grandemente;
352 1848 2810 1957 et cosi perseverando nell'amore ognidi piu s'accrebbe à maggior legame, atale che se delibero,
352 1949 2812 2053 di darle un buono et compito fine à tante pene porre quella ultima dolcezza consolatoria con
318 2033 2842 2167 sposarla: et furono fatte le allegre nozze: Ma la Fortuna che spesso vuole la baia, converse tal giuoco
342 2147 2826 2251 in grave mestitia. Impero che non tantosta, che fusse sposata accadde, che non fu piu presto conten
346 2249 2830 2339 ta, che Rheso fu da Troiani sollicitato di andare in loro aiuto, et essendo esso Rheso posto inordine
352 2335 2844 2441 per volere andare, dicono chela sua Arganthona, ruppe il suo pensiero alquanto, percio che non vo¬
362 2423 2826 2535 leva à niuno patto che'l andasse, et quando quella pensando di haver vietata cotale andata, non gli val
356 2515 2812 2625 se cosa alcuna, e lei vistala cosa disperata; ò per che fusse perlo troppo amore verso di lui, ò che sa
360 2602 2826 2720 pese per qualche via, à niun patto gli voleva conceder che andasse; ma lui fattosi beffe, de a
360 2686 2814 2804 Giovane, accelerò tanto piu presto il viaggio per andare à Troia: ma gionto à un fiume il
364 2784 2834 2891 quale anchor'hoggidi è chiamato Rheso, fu da Diomede Ucciso. et Arganthona qual bene
372 2873 2828 2985 haveva conosciuta la sua morte, di subito andò in quel luogo dove giacque morto il mari¬
368 2962 2858 3076 to, è tanto il chiamò, et tanto si sbracciò, che finalmente per il gran dolore, che li pungeva i cuore
368 3044 2858 3166 non potendosi contenere volle ancho lei fargli compagnia. Questo monumento di questo Heroe
376 3129 2826 3263 il fiume fu appellato Rheso. et cosi scrisse Argea greco scoliasta. et il sudetto parthenio nell
382 3257 1574 3358 libro dell'Herotica al capo trentesimo sesto.
326 3319 2840 3438 RHEXENORII, sono stati detti qui di Cercyra, ò Corcyra Isola, che hora s'appella Corfù. Chiamati gia da
374 3407 2850 3519 Rhaxenor, figliuolo di Nausithoi fratello di Alcinoi Re di phaeaci cercyrei di cui parla Homero nel libro
356 3543 898 3617 settimo dell'Odyssea.
