3800 5255
3059 171 3135 221 7
3215 219 3305 271 4
380 263 3054 367 RAETEIA, et Raetia, è provincia et Regione dell'Europa, donde sono detti i popoli Raeti, et ΡΑΙΤΟΙ. dala
396 354 3070 447 sua Regiono, che, ΡΑΙΤΕΙΑ, scrivono i Greci, nelli buoni testi, et ci sono popoli bellicosissimi: forti d'animo. i quali
398 434 3078 545 alcuni per errore di Testi scrivono, per .H. RHAETI, et cosi senza spiratione alcuna nel fine. et nel'vero essi sigab¬
398 514 3102 629 bano, per che i Marmi antichi hanno la spiratione nella prinia per .AI. et nell'ultinia, per .EI. onde nelle medaglie
398 596 3080 714 si legge Restitutori RAETIAE, come nella medaglia. di Traiano Raetei, in quella di Hadriano EXERCI¬
426 696 3040 795 TVS RAETICVS. Onde i moderni invece di Raetia, ò Raeteia, hanno fatto Rhetica, et Rhatia, et non si
410 792 3052 881 vergogno Uniphrio patavino, di scrivere la prima volta, con falsa construttione. La onde noi per non errare,
422 893 3102 976 lhavemo mostrato con l'uso dell'antica phrase scritta, per ciò che in tutti i modi le antichita havemo voluto osser¬
430 991 3052 1058 vare; pronunziandola come pria facevano gliantichi, che la scrissero conla .I. longa, et conla spiratione, dell'EI.
424 1080 3052 1151 per modo, che ri significa, l'uso della pronuntia, et della parola longa. In questa Regione addunque gli antichi
406 1169 3050 1241 imperatori, et cominciando da Augusto, Troviano alloggiato una delle trenta legioni, chiamata dalluogo dello
410 1267 3084 1335 allogiamento Exercitus Raeticus, sicome si trova figurato et scritto nelle medagle d'Hadriano, et presso
424 1355 3018 1420 Dione. Ove esso imperadore l'assigno et rinovo, come fece nella visitatione dell'imperio, nell'altre legioni,
420 1433 3056 1496 dette Exerciti, come lo Illyrico, delli Illyriciani, lo Dacico, lo Syriaco, il Norico, lo phrygio, l'Achaico. il
408 1515 3060 1583 Cyrenaico, il Macedonico, il Bithynico, il Brittannico, il Mauretanico, l'Arabico, et Armenico, et dell'altri, nell'
412 1601 3064 1671 altre provincie, incui esso imperatore, havea fatte alcune cose, per utili et fermamento d'esse provincie. Come
418 1689 3036 1754 particolarmente nella Rhaetia. et nella Gallica. ansi per insino all'India ove erano li confini dell'imperio,
420 1773 3060 1852 pertutto haveano poste le legioni per frenare, coloro che volevano violentare i termini voltando le spalle alle fede.
422 1857 3042 1944 Ordunque della Raetia: scrive Plinio nellibro terzo alcapo decimo nono, et al capo ventesimo, ch'l Alpi sono habita¬
430 1942 3038 2033 te, da molti populi, etli più nobili sono quelli che tengono da Pola alla Regione di Trieste, ove sono Sacussi, Su¬
422 2031 3024 2123 bocrini, Atali, Manocaleni. et presso à Carni quegli che gia furono detti Taurisci, che hoggidi sono detti Norici.
418 2133 3068 2215 et questi sono vicini à Raeti, et vendelici, tutti in molte città divisi, et si stimano molto antichi essere, secondo alcu¬
436 2217 3034 2304 ni dicono, che quivi venissero di Thoscana, con Raeto loro Duca. et cacciati d'indi da Galli, si ristrinsero dipoi nel
426 2313 3064 2376 petto che'l Alpi volgono all'Italia, ove sono i popoli habitatori de Monti Euganei. et haveano lo privilegio da Roma¬
444 2399 3018 2464 ni, che haveano i latini. de quali Catone racconta trentaquattro città, delle quali sono i Triumpilini Venali, cosi
426 2485 3036 2551 detti come populi venduti, con suoi paesi. Dipoi sono Camuni, con molti finitimi populi, attribuiti alli Municipij. Le¬
422 2579 3042 2649 pontij, S alassi, Taurisci. Ma alcuni dicono, che i Lepontij, essere dela stirpe, di quelli che quivi rimasi erano dell'
428 2677 3044 2749 essercito di Hercole, per havere quasi perdete le membra perlo freddo degli Alpi, et per questo esser lasciati. il che
448 2767 3072 2849 pare, che'l nome loro demostri, per che come arbitro Catone guidicò esser detti dala voce, ΛΕΠΕΙΝ, ò ΛΗΠΙΝ, cioè
446 2865 3020 2935 dala lesione de membri, onde Leponticos furono nominati. et cosi nel transito delle Graie Alpe vestarono quelli
434 2963 3024 3031 dell'Euganeo, et sono nominati Euganei, Stoni, Raeti, Vennoni, et Saruneti, et si stendono insino al nascimento
434 3059 3032 3129 del fiume del Rhodano inquell'Alpe che vi sono finitime, ove sono stati habitatori favoriti, come donati ali paesani,
452 3161 3032 3231 il latino privilegio, et questi si dicono Raeti octo durensi finitimi, alli centroni, et alle cottiane città.
442 3263 3012 3335 dell'Hetrutia, et da Lyguria discesi, et questi è quanto alla parte de Raeti popoli, Alpinei. dove fu assestiato,
442 3359 3026 3433 il Raetico essercito, prinia dal grande Augusto. et poscia rinovato da Hadriano, accio che fusse freno alle in¬
454 3453 3024 3523 cursioni dele genti dila dell'Alpi, come scrisse, Mauritio Bybliothecario Lateranense, in una sua epistola. Et
464 3545 3020 3625 questi Raeti popoli sendo pieghevoli, piu che'l altri habitatori nell'Alpi. Nonfurono scritti i nomi loro, per
454 3633 3014 3713 tropheo, comedell'altre nationi alpinee, che sottomesse per forza da Augusto. per cioche aderendosi, alla for¬
452 3721 3030 3811 tuna d'esso Imperatore, rimasero come amici liberi. et quei che furono riputati nimici soli furono nota¬
456 3823 3006 3907 ti et scritti nel Tropheo che Augusto dedicò nell'Alpi, et cio fece come superati, et abbassati nella loro ferocità.
430 3919 3024 3999 Scrive Phegonte Tralliano, che essendo, in Athene prefetto Dionophilo, et in Roma Quinto Veratio, et Gneo
450 4019 3006 4089 pompeio Gallo Consoli, una Donna partori nelli Raetij, di uno huomo practorio mogliere un Mostro. et in
454 4122 3026 4191 Roma unaltra partori una Simia, che fula moglie di Cornelio Gallicano, et havea il capo di tauro, comeuno
454 4219 3020 4291 Anubi Dio D'Aegypto. Ora per tornare al sito della Raetia. Ptolemaeo nellibro secondo referisce, ch'essa Re¬
456 4317 2984 4383 gione verso l'occaso del sole, hàli confini con il Monte Adula col fome del Danuvio, et il Rheno er per
3158 1942 3386 1994 Trieste Terg
3209 2000 3392 2058 stes citta
