3800 5255
486 1075 864 1132 Talento aegypao è di
498 1145 774 1202 1400 scudi.
922 382 3338 472 che ai tempi nostri, nel presente Principato d'Aadriano Imperadore nelli stipendij suoi sono dugento mila
952 486 3344 572 pedoni. Humini d'armi cinquantamillia. Tremila carri per l'uso dela guerra, ha per monitione trecen
954 596 3328 686 to mila armature d'ogni sorte. Hanna armata di seicento navi grosse da munitione,et da mille et quat
962 702 3308 798 tro cento Galere da Remi espedite et agili al combattere etall'andare. et da altretanti navi di piu sorte,
984 820 3316 901 con un numero grandissimo di instrumenti Navali. Oltre à queste ha ottanta Navi apompa dell'ar
974 924 3326 999 mata colla prora et poppa d'oro ornatissime. Le quali solo erano per pompa dela Guerra. Finalmen¬
982 1018 3326 1107 te la camera Imperiale per munitione ha cento cinquanta Migliaia di Thalenti Aegyptij, tanta grandezza
986 1128 3304 1212 et felicita de Romani è nata principalmente dalla maturità del consiglio, et dala virtù et dala potentia
978 1236 3306 1330 in tutte le cose, nella fortuna prospera gia non mai insuperbiti, ne inviliti nelli casi adversi. Sinqui
978 1336 3332 1438 l'auttore ci dimostra quanta potentia era congionta insieme per acquetare ogni guerra et sottomette
978 1440 3308 1538 re ogni regno. Et queste grandezza nelle cose del mare, duoi luoghi ne erano capaci in due porti, sendo
1000 1546 3310 1644 divisa l'armata in duoi corpi, l'uno chiamato Misenatium, dal Miseno porto, che era nelli campani nel
1004 1654 3306 1752 Tyrrheno lito perle cose dell'Africa et dell'Europa. et l'altra parte era Ravennatium, che stava
988 1761 3316 1851 nel Ravennate porto, nell'Hadriatico Mare, ove era pronta alle cose dell'Asiatiche occorentie.
990 1861 3306 1949 Lo quale Navale era la dove hora si chiama Classis. Ora per non mancare atutte le parti delle
992 1950 3334 2058 cose legionarie dirremo questo. Come la legione chiamata Prima Adiutrice fu fatta da Ha
990 2072 3320 2160 driano: perlo che si trova nella medaglia di esso imperadore come institui la Discipulina de
998 2169 3330 2259 soldati, et pose le leggioni in molti luoghi dove potessero commodamente difendere lo imperio
1008 2280 3340 2357 et quella legione che havea di mestiero di Aiuto la adiutrice suppliva. dela quale fu Tribu
996 2377 3346 2467 no et capitano Antonino pio che poi fu Imperatore. Marco Aurelio Antonino fu quello che
1002 2488 3346 2582 nuto il nome alla legione duodecima Augusta et la chiamo Fulminifera. percio che militando
1016 2594 3366 2692 egli contra Marcomanni fu assediato l'essercito Romano, et muovendo di disascio et principal¬
1008 2697 3354 2795 mente dela sete, per che non pioveva, et stando in luogo arido et inacessibile, si rivolsealli prie¬
1004 2793 3350 2899 glio verso gli Iddij, che li volessero soccorrere, à tanto pericolo. Onde non potendo havere gratia
1004 2906 3374 3016 come desideravano erano disperati et colli iddij et conl'altri rimedij, cercavano per via di Vaticinij
1020 3016 3402 3115 intendere che havessi da essere di loro fine: iddi ispiro all'Auguri che si dovessero raccomandare
1040 3110 3384 3217 allo Iddio de christiani, et prenuntiarono che dovessero provare perli prieghi loro ad' accatare la
1030 3208 3394 3322 salute, impero che allato à loro erano molti christiani, che venivano da gentili perseguitati, i qua
1024 3305 3386 3425 li adimandati, che volessero colli loro prieghi supplicare à Dio, con prometterli la loro liberta
1032 3404 3378 3534 et salute dj potere viver in Roma liberamente et sicuramente. Cosi volente Iddio salvatore
1024 3524 3434 3644 sendo tutti pieghevoli et prostrati interra fecero le supplicationi. et incontenente venne un turbine
1032 3640 3430 3750 nell'aere, et li Marcomanni visto che i Romani erano per esser socorsi dala pioggia inconteven
1020 3734 3406 3850 te corsero à volere espugnare il Romano Castro. per forza, la onde in quell'instante apertele
1012 3863 3406 3959 catharatte dele nube venne giu acqua come un dilluvio, accompagnata contanta copia di fulmi
1020 3963 3396 4045 che davano infaccia à Marcomani inmaniera che essi barbari furono, et dall'arme romane
1032 4056 3388 4143 et dalli fulmini dissippati, et pareva che la terra con ungrandissimo nembo di acqua s'alzase
1036 4155 3394 4242 perla salute Romana. et da questa Vittoria aiutatada Fulmini la legione prese il nome di Fulmi
1044 4240 3406 4342 nifera et di Fulminatrice. Come scrive Pamphilo Cesarense. et questo Nembo et dilluione
