3800 5255
808 304 3478 394 insino allyco fiume verso levante, confina essa Raetia conla Vindelica, et da essa divisa dal Danuvio, dallato del
808 382 3460 468 settentrione. et verso Meridie, tiene i termini conl'Alpi oltre alla Gallia Cisalpina. et la medesimo Raetia, verso
798 459 3464 558 l'oriente, hala vendelica, et la Norica dishnta da esse dal fiume Aeno per per unlato la circunda, et la parte
794 535 3452 648 Raetica detta superiore hali Helvetij et partedella Gallia Cisalpina insino allago Lario comprende, et le cuigenti
806 628 3444 731 hogidi verso questa parte sono chiamati Griscioni ò Grisones, et la parte inferiore, verso il fiume Lyco insino al
796 708 3468 824 fiume Aeno, sono altre nationi, che con Norici et Raeti confinano, chiamate, Boioarij, et Rhetij Thusci, per cioche, come
816 807 3454 909 è sudetto credevano havere havuta dalli Thusci, la origine. Hanno i Raeti nobilissimo vino, et confinano dalla
808 887 3456 983 parte di Italia, con Verona, et con Como, situate all'Alpinee radici. Della qual Raetia parla Virgilio laudando il
816 986 2684 1072 Vino, col Falerno, nel secondo dela Georgica — ET QVO TE CARMINE DICAM
1114 1060 3434 1160 RAETICA.⁓ NE CELLIS IDEO CONTENDE FALERNIS. Percio che esso poeta, compara il Vino delle
816 1138 3474 1248 Raetiche cantine,non meno ch'è il Falerno vino rosso de campani, nobile et buono, et celebrato, et da poeti, et da Ga
802 1236 3494 1340 leno, et da Atheneo. Ora quella Raetia che confina col fonte del Rheno, et col Lyco fiume è quella chel vulgo appel¬
830 1327 3454 1433 la Svevia. et quella inferiore, infra il Fonte del Danuvio et allyco, etparte della Bavaria dove sono l'Hyle Alpi,
824 1429 2936 1525 ricentate dal Danuvio. et la parteche col stato di Venetia confina si dicono Grisoni Raetei.
782 1518 3454 1600 Raetico, et Raetionis, è nome di Monte, nella sudetta Raetia habitato da Raetij. et Rhetico si dice l'exercito, et
824 1606 3442 1686 Raetica ognicosa appartenente alla Raetia. et Raetico è nome di Gigante, et si scrive anchora per .H. Rhetico.
820 1696 3478 1782 Loquale si converse in leone combattendo fuucciso come dice Diodoro Syracosano et si scrive come Rheto Centauro
822 1778 3462 1878 figliuolo di Ixione come scrive Lucano. ma questo non è aquesto proposito per altro detto se non perdire come si scri
816 1888 2268 1960 vono indifferentemente, i detti nomi che sono simiglevoli.
