3800 5255
3089 170 3176 220 10
3179 294 3253 344 7
368 297 2764 381 RAPTA. Raptae, ΡΑΠΤΑΙ, è città grande, et Metropoli dell'Aethiopia, sul Rapto fiume, overo
444 375 2764 473 ΡΑΠΤΟΣ ΠΟΤΑΜΟΣ. dal quale fu detta secondo Herodoto, ove adoravano Baccho, Memnome
428 464 2742 563 et l'Aurora, et è anchora citta metropoli della Barbaria. et da essa Rapta si scrive Raptaeo
440 545 1286 608 et Rapteuse, et Rapteate il gentile.
376 1958 2912 2037 RARENTO, Raventus, ΡΑΡΕΝΤΟΣ, è citta d'Italia presso di Stephano, donde deriva Rarentino, overo
422 2034 2520 2113 ΡΑΡΕΝΤΙΝΟΣ, come vuole Dionysio Alicarnasseo: ma inquale parte Italica non lo dicono.
