3800 5255
2884 186 3030 276 43
3174 317 3276 367 40
454 402 2950 490 no si baciano, come per segno di allegrezza, et quelle Donne cosi pacificate chiamarono
484 508 2964 596 la nuova citta Roma, per un ricordo di quella generosa donna latina, che pria colle la
478 612 2946 712 tine et poscia con li Troiani le adolcirono et le strinsero nell'amore della amaicabile fe
466 722 2930 820 dutia, et per insino nelle nozze et matrimoniij s'invocava la madre Roma. Conferma
462 836 2968 924 questo costume Plutarcho. Ma Paullo antico Iureconsulto, scrisse che Romolo dal suo nome
466 944 2932 1030 appello Roma, et non fù Romula, che per ampliare i vocabuli è stato tenuto. Percioche
472 1034 2956 1118 Roma significa prosperità. et cosi dala: PROSPERIOSA PATRIAE SVAE OMINAREVTR, et
470 1136 2922 1220 cosi termina nelle sue leggi antiche. Et Festo pompeio, recitando dela porta Romanola
480 1238 2932 1326 che è una dele porte di Roma, la dice Romanola dall'Rominato Epistijlio, donde fluisce et
466 1332 2948 1442 scola l'acqua per cio che viera una porta Romanola et Romana da alcuni detta, dela qual
462 1438 2956 1542 parla Cincio nel suo monumento ch'era della sua fameglia sotto d'essa Romanola porta
466 1540 2944 1668 instituta da Romolo, la quale era nel clivo dela Vittoria lo qualluogho dicono ch'era qua¬
468 1644 2944 1777 drato et visi montava per piedi et gradi. Fu chiamata Romana,da sabini, per che appresso
486 1766 2940 1869 all'andito dove si fermarono era Roma. ò pure per cheper quella essi sabini con gagliar¬
470 1874 2944 1968 dezza entrarono nel capitoglio. Dela cuiattione scrive Macrobio con unaltro senso, che
470 1989 2950 2068 sendo assaltato il capitoglio da nimici sabini corse dell'acqua dala porta per insino al Tem¬
466 2079 2924 2174 pio di Iano Gemino, lo quale era posto sotto la porta Ianuale dell'antica Roma la quale
446 2184 2944 2265 fu fabricata da Romolo, figliuolo di Marte et di Ilia. Et Verrio Flacco particolarmente
454 2288 2916 2370 dice, che Romolo et Remo, comeanche disse Paullo furono appellati dala virtù et Robu¬
466 2396 2932 2484 stezza. Il medesimo afferma Trogo Pompeio, citato da Grammatici latini, et nel me
470 2504 2920 2606 desimo si compiace Plutarcho, et dice che fu fabricator di Roma, et fu da Romani ado
454 2618 2912 2706 rato, et chiamato Quirino, etgli fecero Templi et altari, et per che credettero che bambi
466 2724 2918 2814 ni fussero nodricati dala lupa sotto il fico Ruminale, vi furono posti essi fanciulli
470 2828 2910 2920 nella grotta di Panaquivi prossima alfico, di opera di bronzo: et questo affermano
462 2940 2924 3036 gli auttori che doppo alle guerre civili scrissero, et cosi si vede nella medaglie Roma
474 3052 2928 3154 ne et danari; la onde i Romani serbavano ingrandissima custodia il detto Fico arbo¬
482 3181 2910 3255 ro, et due case, l'una fatta da Romolo nel colle palatino nell'Angolo donde si andava
474 3284 711 3356 dal foro
674 3241 818 3285 Romano
711 3284 2906 3374 al circo Maximo et l'altra nel capitoglio, come scriveno Vitruvio, et Diony¬
480 3390 2908 3484 sio, et quando mancavano alcuni legni i sacerdoti Quirinali consomma diligenza velo
478 3490 2900 3590 riportavano dinuovo. Tenivano memoria nel foro dela sepultura di Fostolo colla ima
458 3600 2886 3694 gine di un leone; et nel Foro Boaria del Monumento di Accalarentia, notritori di
454 3708 2872 3812 esso Romolo et Remo. Questa Accalarentia fù chiamata Lupa, perche sendo moglie di Marco
456 3811 2856 3909 Fostolo porcaro nel colle palatino accommodava dela sua persona a i pastori, onde ne prese il no
446 3905 2848 4019 me ò cognome di detto animale, o pure per che ella tolse i duoi bambini dal petto dela lupa,
446 4004 2902 4128 et li allatto: havendoli trovati sula belletta del Tibere, et la lupa fugita nella Grotta detta di pan
466 4104 2838 4236 et chiamata lupercale dela Vergine Romona. Et quivi quei duoi fratellini rimasero insecco
436 4226 2862 4348 sendo slati gittati nel fiume suli gorghi, et retirandosi nel suoletto gli depose interra come per
