3800 5255
786 467 3470 539 RAURACI, ΡΑΥΡΑΚΟΙ, sono Populi della Gallia Belgica, secondo dice Plinio, nel libro quarto, al capo decimo settimo
842 561 3490 634 de quali è detto in Rauraco Città. i quali anticamente si mostrarono arditi et animosi nella guerra. perloro difesa
858 646 2316 719 combattendo, contra Romani: et sono detti anchora Galli Comati.
816 1190 3508 1290 RAURACO, Rauraca, Rauracum, è città della Gallia Comata, nella parte di Rauraci populi sudetti, che alcuni Raurici
832 1272 3508 1378 gli scrivono senza l'ultima .A., ΡΑΥΡΙΚΟΙ, che sono nationi Galliche bellicose. alli confini di sequari, et dell'Heluetij
840 1365 3484 1471 la cui città per essere stata dedutta colonia de cavaglieri Romani, Plinio nellibro quarto alcapo decimo la
840 1452 3528 1569 chiama Rauraco Equestre colonia: et da essa sono appellati i Rauracensi Equestri. et sidice Rauraca colonia
848 1549 3524 1668 et Rauriaci le cose d'essa Rauracum sottoposte. Come le dicono i greci ΡΑΥΡΑΚΩΝ, et ΡΑΥΡΙΑΚΟΙ. et nel singulare
840 1639 3552 1754 ΡΑΥΡΑΚΕΥΣ. et si dicono Rauracensium, et Rauracense nel singulare et nel numero del più, et singularmente an¬
844 1730 2744 1846 cora Rauraceno, et si possono dire, Rauraci et Rauraceini, nell'uso populare.
840 3253 3392 3381 RAXIMAGABI, ò Raximagabis, è voce vulgare, presa perlo nome del Porto dell'Africa, che gli Antichi
904 3387 1414 3465 chiamavano Sabatra.
808 3649 3436 3761 REATINI, Reatineis, sono Populi d'Italia, di Reate città de sabini, posti nel mezzo d'Italia in una bella vista
908 3763 3420 3855 d'uno generoso paese, per onde irriga il Velino fiume. Chiamansi hoggidì Rietini dal nome corrotto della
902 3876 3454 3945 citta che invece di Reate dicono Rieti. Posta quarantamiglia discosto da Roma, nella Via Quinctia Traia¬
912 3952 3330 4031 na. di cui Plinio fa menzione, nel libro terzo al capo duadecimo, ove accusa essere i suoi populi molti.
896 4036 3462 4114 REATINO, Reatinus è nome del Territorio di Reate posto attorno ad'essa città, Ubellico d'Italia come dice Var
940 4110 3468 4195 rone, et etian Solino. et Cicerone chiama esso Territorio Tempea Reatina, dalla varieta delli piani et delli
930 4192 3486 4275 colli, et delle Montagne et delli castelli che si vedono attorno et perlo mezzo, con bella et degna coltura, con
950 4276 3502 4362 uno piacevole Fiume detto Velino, che fa officio inquesto Reatino quale fà peneo nella Tempe di Thessaglia.
942 4356 3442 4448 che va variando et circondanno i luoghi varij et Amenissime, ove Varrone hebbe una delle sue Ville.
