3800 5255
812 242 3440 322 et crudeli: et cosi questa bella moralita gli Rabaei, honorarono l'effigie di Antonino Pio, ch'è sculpita dall'altro lato
832 318 2778 405 della Medaglia, et sotto al Iove è scritto et attorno. ΡΑΒΑΙΩΝ, ΙΚΕΤΗΣΙΟΣ, ΖΕΥΣ.
738 425 1043 485 RABAEI,
1043 427 3398 495 sono Populi dell'Arabia Felice, secondo scrivono, Plinlino nel Arabia, et Uranio detti ultimamente Sabaei.
818 513 2666 575 et sono presso al Mare Heritreo dotati d'arbori adoriferi: et si dicevano anchora Arabei.
754 600 926 671 RAB,
926 608 2292 692 è fiume nel paese dell'Austra, che si diceva Arrabo, Arrabus.
794 710 976 778 RABA,
917 717 3438 807 è citta nel Golfo Ionio, donde si dice Rabaeo, conciosia cosa chel grammatico delle città, deriva da ΡΑΒΑ
830 810 3406 893 ΡΑΒΑΙΟΣ, come da Babba città Babbaeos, per lo che nel numero del più nella medaglia di Vespasiano è scritto
826 904 3450 995 sotto della figura della Fortuna Pherepoli, ΡΑΒΑΙΩΝ, donde noi dirremo Rabaei. alcuni ancora la scriveno conla
844 988 1498 1064 aspiratione Rhaba, Rhabaeo.
818 1106 3518 1215 RABATHMOMA,
1206 1112 3529 1205 ò pure, ΡΑΒΑΘΜΩΜΑ, è la terza città delle illustre nella Regione di Palaestina, et fù sempre gran città signo¬
858 1192 3492 1303 reggiata da Isdraeliti, et poscia da Cappadoci, situata ne luoghi montuosi. dala quale il cittadino si dice Rabathniomeno;
854 1284 3532 1383 per cio che come piace à Stephano Byzantio, da ΡΑΒΑΘΜΩΜΑ, ne fa venire ΡΑΒΑΘΜΩΜΗΝΟΣ. et nelgenere plurale po¬
842 1372 3518 1475 pulare, come è nella medaglia di Claudio Imperatore è scritto sotto al segno del Scorpione cosi. ΡΑΒΑΘΜΩΜΗΝΩΝ, et fù
842 1462 2282 1553 anticamente occupata dall'Arabi, et questi cacciati dai Palaestini.
718 1596 1103 1668 RABBATH,
1100 1605 3546 1731 RABBATH, ò, Rabbate, è citta Magnifica, et celebre metropoli della Syria in Asia, detta dalli figliuoli di Ammone dalnome
842 1694 3518 1817 del primo genito. La quale ultimamente fù detta Philadelphia da Ptolemaeo Philadelpho, et fù appellata pria. Metropolis
842 1788 3172 1885 filiorum Ammon. Come dice Bio et Iosapho. et fù ornata di belli edificij di Templi et di Basilica Regia.
730 2220 3526 2309 RABBATAMMANA,
1315 2212 3530 2300 è celebre città montana dell'Arabia, dalla quale il grammatico forma: ΡΑΒΒΑΤΑΜΜΗΝΟΣ. et nel
874 2290 3552 2409 numero del più come è nella Medaglia del gran Traiano Augusto, si legge ΡΑΒΒΑΤΑΜΜΗΝΩΝ. onde noi dovemo
854 2368 3522 2522 dire Rabbatammeno, et Rabbattammeni. Sono alcuni che la scrivono aspiratamente Rhabbatemena. conla Η.
854 2446 2962 2555 et perlo accento circonflesso come i greci lo mettono cosi, Ρ, et quivi veneravano il sole.
884 3806 1253 3869 RABENNA,
1245 3802 3522 3879 RABENNA, scritta all'uso greco è città d'Italia sula vicinita anzi nellitto Hadriatico, alli quinque
922 3896 3524 3983 Mari vicino dove corre il fiume pado che hal'ostia chiamata dall'antichi Messanico et da moderni
922 3978 3508 4083 primara, si come havemo detto nella voce Ravenna perla . V. piu oltre copiosamente. La quale era sul
922 4066 3544 4174 Mare et hora è adentroterra et fù discosto dalla suddetta osha padana da diecitto miglia et si diceva Berytia
948 4150 1204 4217 Rabenna.
