3800 5255
2930 167 3104 246 39
3160 282 3240 351 36
270 245 706 320 RICINA, ET
300 367 2132 448 RICINATE, è nome della citta di Piceni detta Ricanate, et Recanate
2062 297 2318 366 et Recina
2132 375 2942 448 posta tre miglia discosto allitto del
328 467 2920 556 Mare Adriatico et altretanto discosto alla santissima casa dell'oreto; dedicata alla Vergine Madre d'Iddio,
318 559 2960 670 selvatore. La quale come l'altre città d'Italia sendo spianata fudalli posteri suoi edificata cacciati i bar¬
326 665 2952 786 bari d'Italia, ove anchora vi restano i Vestigi del suo antico Theatro. Fu edificio gia di sabini, ò vero
328 771 2948 896 sauniti come scrisse Timaeo historico. et li suoi populi s'appellano Ricinensi. Onde del nome moderno
328 879 3056 1002 di Recanate Recanatense. La cui citta è situata sopra la schiena un'Monte, et sotto d'esso passa il Fiume Moscione
288 991 2956 1102 RICINENSES. è nome proprio de popoli sotto posti alla sudetta città RICINATE, cio è à Recanate, de i
344 1105 2998 1210 quali fa menzione Plinio nellibro terzo alcapo decimoterzo. et li nomina Ricinenses, et confinano con Pleninensi
296 1201 3002 1312 con Septepedani con Tollentinati. Et secondo scrisse Nysa, nel buono testo, sono popoli antichissimi pice¬
332 1313 2950 1420 ni et misticati de sabini, et signori di fertilissimi luoghi. et come dice Plinio nel terzo libro alcapo decimo
324 1431 2976 1526 terzo sono della quinta Regione d'Italia |. et nel Vero la città loro di Recanate è discosto da Ancona colonia
332 1554 2960 1627 sedici miglia et da Cesena diece. Fu Ricinate chiamata colonia Helvia, dali coloni postovi da Septimio Se
346 1705 800 1736 vero dell'Helviani
752 1624 1488 1681 della Tribu aniense, della quale
800 1674 2962 1735 si come havemo posto nella dittione di Helvia colonia Ricinate. altre sue cose, et qui
332 1766 2015 1830 abastava havere posta una delle sue inscrittioni che si trovano
1991 1704 2090 1762 et
2015 1763 2140 1797 altre
2090 1698 2372 1755 memorie.
2140 1761 3368 1834 della Tribu Vellina lhavemo locate nelle Tribu nelli
3094 1836 3264 1912 bro .19.
304 1851 2960 1958 RICNEA, è nome di Isola posta infra la Brittannia, cio è Inghilterra etla Hybernia, secondo Hecataeo.
324 1957 2962 2056 et cosi etiandio la pone Plinio nel quarto libro alcapo decimo sesto, ove la nomina con queste Isole. Hae¬
336 2061 2982 2162 budes, et inter Hyberniam et Britanniam. Mona, Manapia, Ricnea, Vectis, Silimnus, Andros. Ma
328 2169 2968 2272 Artemidoro presso de Geographi la pose prossima alla Hybernia, et il medesimo disse Timaeo historico nelle
342 2283 2972 2370 Cose Britanniche. et dicono i popoli habitatori, ΡΙΚΝΕΑΙ, et ΡΙΚΝΑΙΟΙ, con duoi diphtonghi et con uno, ΡΙΚ¬
328 2409 468 2482 ΝΕΟΙ.
300 2711 2994 2800 RINUCI, ò vero, ΡΙΝΟΥΚΟΙ, sono Popoli Galli nelli Monti de scaldi, habitatori vicini ai Castologi, à Tre¬
328 2819 2968 2922 bati à Nervi et à Veroanduri. chiamati Rinuci liberi, perla fideltaloro fula liberta donata da Roma
326 2943 2988 3026 ni tra l'altri popoli liberi fatti nelle Gallie. Sono spetie de Germani la loro origine et adoravano Cyza Dea
326 3055 2972 3132 che è Persephone, ò vero Prosepina, et con essa la luna chiamata Santa Sirona, et Plutone: secondo Fron
326 3159 458 3230 tone.
278 3387 2996 3466 RINOCURARA, ò pure, ΡΙΝΟΚΟΥΡΑΡΑ, è citta dell'Aegypto, antichissima. da cui Stephano deriva Rinocuraeo
334 3505 2980 3586 et Rino curite, et nella Medaglia di Hadriano nel numero del più ΡΙΝΟΚΟΥΡΑΙΩΝ. Onde potemo dire Rinocu¬
340 3595 2930 3694 raei. Come nel greco ΡΙΝΟΚΟΥΡΑΙΟΣ, et ΡΙΝΟΚΟΥΡΙΤΗΣ. da questa citta la Iside et Serapide et Mercurio sono
336 3704 2986 3791 appellati Iddij Rinocuraei. et alcuni scrivono la città per spiratione Rhinocurura, come è detto piu disopra nell'
332 3811 644 3881 altra dittione
310 3912 3026 3990 RIO FRANCO, è voce volgare: presa per, Rinulus, Francorum, che corre per Asta citta di Lombardia, di cui scrive Paulo Diacono.
312 3986 2130 4056 RIO DEMOSSO, è nell'Umbria nel contado di Spoleto detto Caminate, dal castello.
302 4052 2588 4112 RIO VERDE, è detto, è detto ancora in unluogo dal vulgo il Fiume dell'Histria che si chiamava Formio.
312 4108 2250 4190 RION DEL SOLE, vedete la voce Rivo piu oltre, ch'è fiume nell'Umbria de spoletini.
286 4233 2966 4316 RION, è citta della Morea, ò vogliamo dire della Messenia, come piace à Stephano nella parola, ΡΙΟΝ, ΠΟΛΙΣ
310 4339 2486 4432 ΜΕΣΣΗΝΗΣ, et dice che è ancho città Achea, et unaltra dell'Aetolia, et una della Molycria.
