3800 5255
3052 150 3156 267 50
3130 290 3252 401 47
352 336 2964 411 ROGANE, ò, ΡΩΓΑΝΗ, è citta dell'indi, secondo Eratosthene, donde disse Roganete, ò vero ΡΩΓΑΝΗ¬
362 426 1780 499 ΤΗΣ, fanne menzione Stephano nel buono testo, et Arriano.
376 900 2914 977 ROGE, ò vero ΡΩΓΗ, è nome di Isola nella Lycia, habitata, et il suo albergatore si dice gentilmente Rogaeo,
400 988 1366 1073 ò pure, ΡΩΓΑΙΟΣ, come piace à Stephano.
352 1536 2918 1602 ROGMI, ò vero Rogmei, et, ΡΩΓΜΟΙ, è Albergo della Cilicia, donde si dice Rogmerte, ò vero ΡΩΓΜΙΤΗΣ,
396 1616 2022 1692 come vuole il Grammatico Byzantio. È paese herboso et fruttifero.
362 2346 2922 2433 ROMILIA, ò vero RoMylia, è citta di Italia nelli Sanniti, di donde Stephano dice Romiliate
398 2448 2922 2531 ò vero ΡΩΜΥΛΙΑΤΗΣ, Fu poi fatta Municipio di Romani, onde esso Municipale nome fu detto Romano.
390 2563 2916 2633 come si trova nella Medaglia, con la Testa di Hercole giovane, et col rovescio della Lupa che allatta
382 2650 2034 2720 Romolo et Remo si come si soleva presso di Romani fignere.
354 2751 2904 2810 ROMILIA, anchora è nome di una delle quattro prima Tribu de Romani constituita da Romolo,
412 2825 2910 2894 et secondo alcuni gli fudato ultimamente il Municipale luogho superati i Samniti. La quale Tribu
402 2920 2902 2989 i greci scrivono per .Ω. cosi, ΡΩΜΙΛΙΑ. Ma Stephano chiama per .Ε. la Tribu inquesto modo.⁓
358 3009 2914 3075 Remuuria: ma è luogho guasto. havea essa Tribu per Tutelare Dea Duellona, ò vero Bellona, cosi chiamata
398 3108 3296 3168 dal bello, et dal Duello. Sicome havemo veduto in una antichissima dedicatione. DVELLONAE SACRVM. et di essa fa menzione Varrone
3030 3169 3298 3231 nel quarto libro.
358 3198 2912 3267 ROM', cosi etiandio i greci ΡΩΜ, è citta della Scythia trali Gandarice nationi, donde il citta
388 3288 2946 3363 dino si dice Romio, ò vero, ΡΩΜΙΟΣ, altri la scrivono, ΡΩΝ, per, Ν, e il cittadino ΡΩΝΙΟΣ, ma
408 3374 2616 3461 come si voglia sia, si ha da scrivere. et nell'uno et nell'altro caso Romio et Ronio.
346 3652 2984 3727 Rosos, ò vero ΡΩΣΟΣ, è nome di citta ò vero oppido nel Monte Casio, di cui scrive Plinio nel quin¬
386 3742 2918 3825 to libro al capo ventesimo secondo nelle cose del detto Monte, posto davante alla Syria. et Stephano
390 3840 2952 3911 scrive della sua gente, et dice chel gentile si debba scrivere Rosio et Rosiense. Cosi dicendo. ΡΩ¬
394 3944 2950 4017 ΣΟΣ. ΤΟ ΕΘΝΙΚΟΝ, ΡΩΣΙΟΣ. ΑΛΛΑ ΚΑΙ ΡΩΣΙΕΥΣ, ΩΣ ΑΠΟ ΤΟΥ ΤΑΡΣΟΣ, ΤΑΡΣΕΥΣ, ΚΑΙ ΤΟ ΚΤΗ¬
398 4030 2910 4105 ΤΙΚΟΝ, ΡΩΣΙΚΟΣ, ΡΟΣΙΚΟΣ ΣΚΟΠΕΛΟΣ. Cio è dice egli che da Roso si dice Rosio et Rosiense, come da
408 4122 2512 4207 Tarso Tarsio et Tarsienese et il suo caso possessivamente Rosico, et Rosico il scoglio.
