3800 5255
358 262 2818 341 RATHELSPURG, è città della Stivia capo della Carinthia, che gliantichi chiamavano Bolentio, ò
390 349 1066 419 Bolentium, et, ΒΩΛΕΝΤΙΟΝ,
368 752 2908 834 RATISBONA, è una delle citta Imperiali della Rhecia nell'Alemagna. Che gliantichi chiamarono Augusta
412 845 2238 907 Tiberij, dipoi fu detta dal vulgo anchora Reginoburgo, et dipoi Artobriga.
360 1341 2964 1430 RATUMENNIA, et Ratumenia, è una delle antiche porte di Roma dallato del capitolio che guarda il sito del cir
400 1439 2946 1514 co Flaminio. Chiamata da Ratumena Auriga agitatore delli guiochi circensi, che fu trasportato, et vi rovi
388 1529 2412 1598 no. Scrivionla anchora Ractumenia, colce, invece del .T. altri Raptumenia.
372 1939 2950 2018 RAUDUSCULA, et Radusculana, è una delle antiche porte di Roma, che havea le Valve di Bronzo, et la effigie
428 2025 2928 2108 di Minicio Cippo pretore, detta da esso metallo che Raudo s'appellava, de che furono fatte le valve. et
384 2139 2984 2199 dicevasi Ruduscula con la .V. in prinia invece dalla .A. dalla posterita: ma gli anticha da Raudum, Raudu¬
408 2214 552 2266 scula
368 2253 2952 2331 RAUCO, ΡΑΥΚΟΣ, et Raucox, fu città illustre nell'Isola di Crete, donde il cittadino gintilmente si diceva Raucio, et
406 2339 2986 2428 Raucia, la donna, come nel greco. ΡΑΥΚΙΟΣ, et ΡΑΥΚΙΑ. et si scrive anchora per spiratione, Rhaucia, et Rhauco.
386 2439 2970 2520 RAUDA, dicono alcuni ch'è la medesimo porta detta Ractumenia, come è nominata più di sopra: ma
414 2537 2956 2604 essi si gabano, per che è la Raudusculana la Rauda;ch'en conle valve di Raudo cio è di bronzo. et
412 2621 2928 2692 vi fu la effigie di Lucio Minicio Cippo, che potendo doppo Romulo essere Re non volse la signoria de Ro
412 2709 2996 2775 mani, onde fù eletto Numa Pompilio, et egli fuori della porta Rauda ne andò in essilio in una sua
422 2783 2974 2861 possessione: per cio che, dicono, secondo Ovidio, che tornando Cippo pretore dalla guerra, gli parve di
414 2863 2954 2933 vedersi le corna incapo guardando nell'acque, et presone horrore domado agli Auguri checosa signifi
440 2947 3008 3028 casse, gli fu predetto essere segno della gloria, et che sarebbe eletto Re della sua patria. pertanto egli fece
448 3032 2948 3117 una oratione contra dise istesso, et si fece privare: accusando se istesso al pupolo: si fece cacciare da
430 3116 1572 3199 Roma, dispreggiando la Regale auttorita.
