3800 5255
1715 159 2202 304 DI ROMA
905 439 3421 584 Heroico è divino, et stimarono tutti quelli che nascevano da quelle Donne dettessere ingravidate da Fiumi, come
913 545 3403 654 che queste pratticando in essi se ingravidavano, come dicono chel fiume Sperchio ingravido una Nympha et
926 627 3461 780 genero Enipeo, Acheloo genero Langia, peneo Daphne, Landone Syringa, Inacho Iside, Tibere genero Ocnos
923 749 3403 826 et altri altri Heroi. tal che perdonavano alle fanciulle per tema della deita: Poscia remiravano la quantita et la
928 827 3419 941 qualita dell'acque, che son tanto varie, et hanno infinita proprieta, et pareno che in esse siano spiriti da procre
919 932 3412 1041 are et generare tutte le spetie che iddio vi pose: et per insino alle corrotte acque risolveno incerti strani et
937 1004 3436 1133 estravaganti feruncoli: et si vede, che cio fanno colla proprietà del sole; et percio alla solare proprieta dedica,
918 1108 3412 1221 rono i fonti: et si dicevano i fonti di Apolline. Et i greci chiamavano per una maraviglia il fonte dela Libya,
937 1164 3421 1292 HΛΙΟΥ ΠΗΓΗ, posto in un deserto asprissimo, oltre alla Cyrenaica Regione, al Tempio di Iove Hammone dove
935 1273 3441 1387 esso dava l'oracolo: per che nel tempo Vespertino diventa calda, et nell'ora Meridiana et matutina, è fred
936 1378 3435 1492 dissima. et nella mezzanotte è caldissima. La onde la chiamarono Fonte del sole. et sicome scrivono Ham
917 1447 3436 1567 monio et Herodoto nelquarto libro. nell'hora matutina è poco manco che tepida, et nell'alzarsi il sole si fa
941 1530 3431 1650 Fredda. et nella mezzanotte si riscalda, et poscia la matina ritorna à farsi gelida et va sempre seguitando. del
920 1627 3473 1750 qual fonte parla Ovidio nel quin decimo dela Metamorphose. QVAMVIS AMMONIS, NON SOLIS FONTEM APPEL
923 1740 3439 1838 LAT. MEDIO, INQVIT, TVA CORNIGER AMMON VNDA DIE GELIDA EST, ORTVQVE OBITVQVE CALESCIT. Dima
927 1805 3455 1932 niera che questa Fonte di Hamnone è Fredda il giorno et la notte è calda; come sone le acque Albule nel
928 1888 3475 2005 paese Tiburtino circa à Roma. È anchor del sudetto Fonte parla nel terzo libro Silio Italico, dicendo egli,
932 1977 3429 2106 AMMONIS ORACVLVM DESCRIBENS, STAT, INQVIT, FANO VICINA NOVVM ET MEMORABILE LYMPHA,
945 2063 3505 2187 QVAE NASCENTE DIE, QVAE DIFICIENTE TEPESCIT: QVAEQVE RIGET, MEDIVM CVM SOL ACCEDIT, OLYMPVM.
931 2150 3456 2262 à questo Fonte plinio da un'paralello, dicendo che sono due Fonti similidinatura, l'uno è Presso dell'Hammonio
933 2235 3471 2365 Tempio, l'altro presso Troglodyti popoli dell'Aethiopia, et sono nominati fonte del Sole, che sono dolci nel
942 2341 3439 2436 mezzo giorno et frigide, etnella notte amare et calide. et quelle acque le quali sono nell'isole beate che dico
934 2404 3468 2511 no che chi dell'uno beve muore ridendo, et chi dell'altro gusta scampa dala morte, et quel Fonte che chia
934 2491 3465 2591 mano di Amore, che chivi mette una accesa facella quella spigne, et chi spenta vela attusfa s'accen
930 2560 3452 2663 de infiamma: et sequesta non è favola, è cosa fatta per artificio come facevano i sacerdoti di Iside nel
931 2638 3450 2770 Tevere attuffavano le facelle accese sotto le acque et trahendole fuori maggiormente si accendevano.
925 2755 3480 2895 et questo basti circa la maraviglia degli antichi: perla quale cercarono honorare religiosamente essa
921 2827 2494 2931 natura credendo chel tutto venisse da qualche occulto Genio.
879 2867 3436 3061 Fu nella Via Latina, discosto da Roma tremila passi un Recettacolo d'acqua fatto da Antonino Caracalla Imperadore, molto ornato
923 2978 3404 3134 di statue colosse di venti piedi; secondo mostravano i fragmenti di esse imagini; il quale egli fece per levare, il fonte
910 3076 3407 3258 Antoniniano dall'acquedotto dell'acqua Claudia la quale condusse nel suo Circo in Via Appia et d'indi alle Therme
928 3172 3379 3315 sue Antoniane, poste nella medesimo via Appia circa la piscina publica; in que luogo dunque dove fu il sudetto
924 3258 3379 3418 Recettacolo et castello d'acqua fu trovata una gran Tabola di Marmo conquesta narratione; che ci significa ha
2454 3396 3355 3526 vere ristaurato l'edificio dell'Aquedotto.
2453 3488 3354 3626 esso Antonino et septimio Severo suo padre.
2462 3574 3359 3711 Percio che quivi erano due cose, il castello dell'
2454 3666 3357 3794 acqua Claudia Antico invecchiato et il nuo
2453 3755 3340 3898 vo fatto per l'uso della'lora nuova opera
2454 3855 3378 3986 et sono stati tutti duoi rovinati, et portati via
2461 3940 3352 4086 i sassi quadrati nella città. Allato a questo
2438 4037 3354 4182 Castello nuovo era quello dell'Aquedotto dell'
2428 4132 3367 4260 Acqua chiamata Iulia Tepola, che viene dal
2447 4218 3366 4366 Tuscolano alla parita dell'opera arcuata
2434 4311 3335 4438 Claudia, et insieme s'avvecinano per ser
2437 4398 3129 4555 bare l'altezza del sito di Roma;
1001 3408 2164 3580 IMP•CAES•DIVI•M•ANIONINI
991 3543 2090 3636 GERM•SARM•FIL•DIVI•COMMODI
1036 3618 2070 3704 FRATER•DIVL•ANTONINI•PII•NEPOS•DIVI
1034 3683 2060 3782 HADRIANI•PRONEPOS•DIVI•TRAIANI•PART•AB
1031 3736 1962 3814 NEPOS•DIVI•NERVAE•ADNEPOS
979 3756 2095 3885 L•SEPTIMIVS•SEVERVS•PIVS
999 3835 2168 3938 PERTINAX•AVG•ARAB•ADIAB•PART•MAX•PONT•MAX
1013 3901 2136 3975 TRIB•POT•X•IMP•XI•COS•III•P•P•PROCOS•ET
969 3936 2174 4057 IMP•CAES•IMP•L•SEPTIMII•SEVERI•PII
986 4012 2152 4099 PERTINACIS•AVG•ARAB•ADIAB•PART•MAM•FIL•DIVI
1010 4062 2172 4150 M•ANTONINI•GERM•SARM•NEPOS•DIVI•ANTO
999 4105 2196 4211 NINI•PII•PRONEPOS•DIVI•HADRIANI•ABNEPOS•DIVI•TRAIANI
982 4157 1774 4218 PART•ET•DIVI•NERVAE ADNEPOS•
957 4188 2183 4309 M•AVRELIVS•ANTONINVS•PIVS•AVG
969 4280 2156 4348 TRIB•POT•V̄•COS•PROC•VETVSTATE•COLLASSVM•RESTITVERVNT
