3800 5255
3038 216 3168 272 25
3118 300 3263 350 22
1300 250 1760 330 DI RAVENNA
426 392 3022 486 Nel muro del Monastiero di San Vitale di basso rilievo sculpiti in marmo, si vedeno queste due figure, quel¬
454 479 3040 573 la della Tertulla palliata, et quella, d'olio Tertulliano Togata: alla usanza Romana, come nella Gallia Togata
456 575 3008 651 vestivano, more Romano: onde ne viene appellata Togata la provincia. sendo habitata da molte città co
466 655 2992 742 lonie nobilissime dedutte delle magnanime fameglie delle Romane Tribù. Ordunque la Fameglia Olia
450 746 3038 830 di cui è memoria questa intitulatione, ne havemo veduti altre cose nell'altri luoghi in Roma, et nel Ferariese
1286 1178 2010 1266 OLIAE•P•F
1362 1386 2020 1464 TERTVLLAE
1210 1524 2046 1612 •V•ANN•XV•M•VIIII•D•X
1264 1766 2022 1838 OLIVS•TERTVLLIANVS
1196 1968 2096 2050 FIL•PIENTISSIMAE•ET•SIBI
396 2448 2964 2558 A' Ravenne Strabone da queste lode, dicendo, ch'ella ha l'aere sereno assai et ha ancho del grave, et
412 2540 2968 2658 perlo sereno cielo ha l'aere sano, et per tal bontà dell'aria, et perla gravezza fù eletta per stanza de
428 2638 2996 2748 Gladiatori da Romani, come era anticamente Crotone perli lottatori, acciochè quivi confermassero le
428 2733 2972 2839 membra, et aumentassero le forze, comi viene confermato da Marco Vitruvio, il quale assegnando,
426 2836 2948 2930 come debbano essere le palude sene da l'essempio delle palude Ravegnane, di Altino, et di Aquileia.
424 2934 2954 3026 Non lauda Vitruvio nelle città i fiumi et gli stagni verso il lato dell'oriente: ma nell'opposito.
456 3039 2954 3119 verso ocitente, per che non vaporano nell'aere della matina, ch'è humido et shigozza. perla con¬
438 3129 2984 3207 modita del porto, è stata molto commida perla copia dell'acque non buone essa havea le sue cisterne
438 3208 2952 3295 come non abondante d'acque buone, onde Caio Solio Apollinare nel primo libro dell'epistule
442 3303 3012 3394 tocca il Ravennate sito col porto et la penuria dell'acque in questo senso dicendo il vero et non da scher¬
430 3398 2962 3470 zo narrando del suo viaggio da Brixello navigando à Ravenna con Aemiliano Nocchiero, va dicendo.⁓
438 3482 2978 3566 BRIXELLVM, DE INDE OPPIDVM, DVM SVCCEDENTI AEMILIANO NAVTAE DECEDIT VENETVS REMEX, TANTUM EXIREMVS
430 3564 2992 3651 INTRAVIMVS RAVENNAM, PAVLO POST CVRSV DEXTERIORI SVBENTES. QVOD LOCI VETEREM CIVITATEM NOVVMQVE PORTVM
426 3650 2964 3713 MEDIA VIA CAESARIS AMBIGAS VTRVM CONNECTAE, AN SEPARET. INSVPER OPPIDVM DVPLEX, PARS INTERLVIT PADI;
410 3718 3008 3777 CERTA PARS ALLVIT. QVI AB ALVEO PRINCIPALI MOLIVM PUBLICARVM DISCERPTVS OBIECTV, ET PER EASDEM DIRI¬
426 3780 2948 3838 VATIS, RAMITIBVS EXHAVSTVS, SIC DIVIDVVA FLVENTA PARTITVR, VT PREABEANT MOENIBVS CIRCVMFVSA PRAESIDIVM,
428 3846 2974 3905 INSVLA COMMERTIVM, HVNC CVM PER OPORTVNA CVNCTA MERCANTIVM, TVM PRAECIPVAE QVOD ESVI COMPETERET DEFE¬
424 3904 2982 3963 REBATVR. NISI QVOD CVM SESE HINC FALSVM PORTIS PELAGVS IMPINGERET, HINC CLOACALIS. PVLTE FOSSARVM DI¬
410 3954 2970 4030 SCVRSV LINTRIVM. VENTILATA IPSE LETENTIS LANGVIBVS LAPSVS HVMERIS NAVTICIS CVSPIDIO VNDARVM SITIEBAMVS.
428 4012 2984 4090 QVIA NVSQVAM AQVEDVCTVM LIQVOR INTEGER, VEL CISTERNA DEFECABILIS, VEL FONS IRRIGVVS, VEL PVTEVS ILIMIS.
394 4096 2964 4158 Il medesimo Apollinare, oltre dice delle cose che produce questo Ravennate sito scrivendo à Candidiano nelle molestie dell'
390 4168 2379 4219 aere cosi scherza dicendo davero inunalora epistola dell'istesso libo ove havendo nominato
2335 4120 2391 4171 il
2379 4172 2988 4242 Caesenate Furno et sua citta
402 4238 518 4282 dice:
402 4236 2968 4307 CAESENNATIS FURNI POTIVS QVAE OPPIDI VERNA DEBLATERAS,⁓DE CVI NATALIS TIBI SOLI, VEL IOCVNDITATE, VEL
406 4305 2984 4376 COMMOD, QVID ETIAM IPSE SENTIRES. DVM MIGRAS IVDICAVISTI, ITA TAMEN QVOD TE RAVENNAE FELICIVS EXVLEN¬
398 4361 3004 4432 TEM AVRIBVS PADANO CVLICE PER FOSSIS,MVNICIPALIVM RANARVM LOQVAX TVRBA CIRCVN SILIT. INQVA PALV¬
402 4418 2956 4496 DE INDESINENTER RERVM OMNIVM LEGE PERVERSA, MVRI CADVNT, AQVAE STANT, TVRRES FLVVNT, NAVES
398 4476 2948 4552 SEDENT, AEGROTI DEAMBVLANT, MEDICIIACENT, ALGENT BALNEA DOMICILIA CONFLAGRANT, SENTIVNT VIVI,
398 4539 2992 4618 NATANT SEPVLT, VIGILAN FVRES, DORMIVNT POTESTATES, FOENERANTVR CLERICI. SVRI PSALLVNT, NEGOCIA¬
398 4598 2948 4676 TORES MILITANT, MILITES NEGOCIANTVR, STVDENT. PILAE SENES, ALLAE IVVENES, ARMIS EVNVCHI, LITVIS
392 4657 2316 4730 FOEDERATIS. TV VIDE QVALIS SIT CIVITAS, VBI TIBI LAR FAMILIARIS INCOLVNT.
