3800 5255
3048 202 3120 252 35
3141 270 3266 319 32
370 230 3141 318 RHODA, è città della Hispania, hora detta Rosas, donde Livio chiama il Rhodam ventum. et si dice Rhodabricense il populo.
388 302 3214 392 RHODA, è città de Rhodiori, sul Rhodano nella Narbonese Regione, come scrive Plinio: di cui è detto più oltre nelli Rhodiori.
394 368 2982 462 RHODANO, Rhodanus, ΡΩΔΑΝΟΣ, è fiume spumoso et repido della, che nasce dall'Alpine asprezze, et accresce dalle
418 456 3016 536 nevi che dalla rupe cadeno et fa un gran Fiume della celtica Regione, et della Narbonese, lo quale il vulgo chiama
432 550 3002 632 Rona. del quale Lucano nel terzo libro nella venuta d'Hannibale in Italia per l'Alpini Monti in questo senso d'esso fiu¬
418 642 737 715 me scrive:
732 644 2240 722 INDE FEROX QVAESITVM ARMIS PER INHOSPITATA RVPA
784 744 2064 818 VOLCARVM POPVLATVR ITER, TVMIDIQVE MINACES
750 836 1912 916 ACCEDIT RHODANI FESTINO MILITE RIPAS.
730 934 1954 1010 AGGERIBVS CAPVT ALPINIS, ET RVPE NIVALI
740 1034 2150 1098 PROSVLIT IN CELTAS, INGENTEMQVE EXTRAIT AMNEM.
760 1122 2152 1190 SPVMANTI RHODANVS PROSCIDENS GVRGITE CAMPOS.
748 1218 2128 1292 AC PROPERO IN PONTVM LATO RVIT INCITVS ALVEO.
352 1318 1326 1394 Poscia piu disotto dice il medesimo poeta
744 1414 1938 1476 PAVLATIM RIPAE RESOLVTIS AGGERE VINCLIS,
748 1496 2068 1566 AT GRECIS ALLAPSV FREME BVNDO TERRITVS ACRIS
752 1588 1996 1654 EX PAVIT MOLES RHODANVS, STAGNISQVE REFVSIS
784 1686 1984 1748 TORSIT ARENOSO MINITANTIA MVRMVHA FVNDO.
776 1778 1876 1842 IAM TRICASTENIS INCIDIT FINIBVS AGMEN,
1869 1758 3040 1832 et cetera: ed de'esso anchora havemo detto piu oltre
390 1860 3072 1940 nella voce de Rhodiori populi Narbonesi et Celti della colonia Rhoda, dedutta da Rhoditi. et del medesimo
382 1940 3022 2028 Rhodano fiume Tibullo nella settima Elegia inquesto modo ne scrive con altri fiumi celebri, come dell'
396 2058 1500 2120 Arar'. et Rhodano, et Garumna, et del Cidno.
736 2138 2366 2216 NON SINE ME EST TIBI PARTVS HONOS, TVA BELLA PIRENE
832 2225 2044 2292 TESTIS, ET OCEANI LITTORA SANCTONICI;
760 2289 2418 2357 TESTIS ARAR, RHODANVSQVE CELER, MAGNASQVE GARVMNA,
796 2351 2158 2425 CARMOTI ET FLAVI CAERVLA LYMPHA LIGER
774 2415 2070 2511 ATTE CIDNE CANAM, TACITIS QVI LEVITER VNDIS
836 2493 2066 2584 CAERVLEVS PLACITIS PER VADA SERPIS AQVIS
772 2567 2214 2642 QVANTVS ET AETHEREO CONTINGENS VERTICE NVBES
824 2624 2192 2722 FRIGIDVS INTONSOS TAVRVS ARAT CILICAS. et cetera.
366 2732 3068 2796 Et Silio Italico nel primo libro, in sieme col Rheno ne fa menzione dicendo. IAMQVE VOLANS RHENVM. RHODANVMQVE
372 2816 876 2874 IN NVBILA TOLLIT.
286 2922 3074 2998 RHODANICI sono detti i populi, che attorno al Rhodano habitano, che alcuni gli chiamano Rhodiori: ma nelle
406 3004 3056 3080 anchita si trovano scritti Rhodanici, i quali dedicarono la imagine d'Hadriano imperatore in Roma in
402 3104 3094 3160 questo senso trovata per Vialata dove fu il Tempio Heroico d'esso Hadriano, ch'era la dove è la chiesa di Santo An
1140 3190 1618 3250 tonio in Fulvitore
390 3218 1112 3262 IMP•CAES•DIVI
476 3298 1070 3350 TRAIANI•PARTHICI•F
534 3371 1062 3430 DIVI•NERVAE•NEP
422 3425 1088 3496 TRAIANO•HADRIANO
540 3501 1020 3558 AVG•PONT•MAX
430 3557 1056 3624 TRIB•POT•ĪĪĪ•COS•ĪĪĪ
588 3631 910 3677 IMP•ĪĪ•P•P
502 3693 842 3737 RHODANICI
396 3747 1080 3797 INDVLGENTISSIMO•PRINCIPI•
