3800 5255
3139 186 3255 241 19
3210 256 3341 311 16
1418 251 1766 311 DI RAVENNA.
436 367 3104 451 RAVENNATIO, Ravennatium, si diceva illuogo del Porto di Ravenna altramente chiamato Classis perla statione
460 471 3076 543 Navale dell'Armata Romana come havemo detto più disopra: lo quale luogo fù informa d'una città conli suo propu¬
454 573 3082 641 gnacoli et conli alberghi delle fameglie dell'habitatori et delli Maestri della Classe, officiali et lavoratori, et de principi dell'
462 669 3080 739 armata: et delli collegiali, di quelli ch'erano centonarij, che lavoravano le centone Militari, et delli Dendrophori, ciò è di
462 759 3078 831 quelli che recavano delli legnami. Per questo si trovano nelle intitulationi sepulchrali et nelle dedicationi delle statue,
438 853 3084 925 gli ufficiali. Come di principi della classe, Ravennaitia. scriba della classe, Maestri della istessa classe Ravennatia.
458 950 3098 1023 Prefetti d'essa. Patroni ò difensori del Collegio de Fabri Navali, et di quelli Fabri che lavoravano il Ferro. Vi erano
448 1030 3132 1133 gli scriba pretorij, delli Triarchi Navarchi, à vogliamo dire Triumviri delle Navi curatori. I custodi dell'Arme. I Decurio¬
442 1130 3135 1238 ni et presidenti delle cose necessarie perla giustitia et pro vedimenti. Il prefetto consulare, i curatori. Haveano presso al
440 1233 3112 1345 la classe selve d'Arbori di Pigne: com'era anchora nella Classe Misenatio Sul Mare Opio campano medesima¬
450 1326 3144 1441 mente simile à questa di Ravenna, ove era il porto Iulio circondato di colonne di marmo historiate delle cose della
446 1402 3128 1533 Vittoria di mare, et vi era il Tempio di Neptuno, con quello di Apollo, et etian de Iside à cui fùconcesacrato lo pino arbo¬
446 1493 3132 1627 re, come dedicato à Neptuno. Et ne havemo veduta memoria in Taboletta di Bronzo in Roma in mano di M•Thomaso
462 1594 1402 1689 Spica, portata da Ravenna, simili cose, c'erano nel Misenatio essere stato nel porto Ravennatio come dice la in¬
454 1674 1406 1767 intulatione la quale è alquanto mutilata et guasta. Hor dunque questo dignissimo luogo non meno ha havuta trista sorte
1452 1811 3154 1937 che habbia havuta Ravenna et Roma et tutta l'Italia, per chè sendo da
1472 1899 3130 2009 barbari Gothi, Visigothi, Ostroghoti, da Scythi et dall'Heruli et altre
1446 1977 3106 2077 strane nationi guastata Italia et consumata le città tutte dell'impe¬
1394 2081 3102 2175 rio sotto poscia della bassezza trascurate le cose accrebbeno sempre le rovi¬
1386 2193 3090 2273 ne come ogni hor crescono le negligentie, senze tenere cura de reparare
1408 2301 3070 2387 i, luoghi ogni cosa si vede guasto non solo in questo luogo della classe Ra¬
1382 2395 3066 2487 vennatio: ma tutti i porti attorno alla Italia sono dissolati et privati di
366 2477 3088 2589 quelantico splendore et integrita, et sendo intralasciate senza cura alcuna i luoghi gli fiumi et il mare ha ricalzati isi¬
470 2589 3066 2693 ti at atterrati i luoghi de porti, percio che in ogni luogo, e qualche fiume, che sempre porta materia nel mare etesso
454 2685 3064 2801 la ritorna interra, et per questo Ravenna tutta via si va scostando dal Mare. et così viene guasto il luogo della classe
456 2775 3028 2895 che già serviva alle cose dell'Asia et della Grecia et del'Ponto Thracio et Macedonia. et quel del misero All'Africa
452 2867 3050 2993 et all'Europa. Delli quali luoghi partivano due grandissime armate, che importavano al tempo d'Hadriano imp
460 2969 3054 3097 eratore mille e cinquecento Galere, senza le Navi delle provisioni, et pompe della guerra: È cosa dunque
452 3091 3038 3189 maravigliosissima à considerare, che tanta grandezza de Romani sia risoluta et spenta, et li porti insieme sia¬
450 3193 3038 3293 no guasti, che poco ò niente d'essi si trovano vestiggi, et se noi non havessemo vedute alcune superbe reliquie
458 3293 3048 3395 et gli scritti in marmo nè pararebbe, che quello chei scrittori dicono fussero favole: ma nel vero essi non n'hanno
458 3385 3022 3481 detto abbastanza di si alta possanza. Havea esso Porto Ravennatio un superbissimo phareglione ò Torre della
458 3477 3032 3597 notturna scorta, che dava segno col fuoco di notte ai naviganti .et hora è puro fatto diserto et insicuro litto.
454 3611 3012 3687 Et Ravenna dunque è stata famosa sotto quattro nomi. In Berytio, in Ruenna, et Ravenna et Navenna, et
450 3709 3046 3807 perla classe Ravennatia Romana. Fu Ravenna mancando l'imperio governata dall'Exarchato. di sei huomini
454 3823 3068 3917 invece delli Decurioni et dell'Augustali et del Maestro Augustale, ch'erano sei huomini sotto d'Augusto sotto no¬
454 3925 3084 4023 mi di. V̄Ī: VIRI AVGVSTALI. et colloro Magistro, cosi poscia nel tempo moderno, mutata la parola de seiamviri Augusta¬
454 4021 3060 4127 li fù conla voce greca, chiamati l'altri ufficiali Exarchi. Come dicono il platina et glialtri moderni auttori che del
446 4127 3056 4235 Exarcato scriveno. Vno dei quali fu questo Aurelio Valentiniano Exarcho, padre di Aurelio Ianuario, à cui fecelo
450 4231 2898 4320 sepulcro in Milano dove il figliuolo mori, della cui intitualtione che in Milano si trova scrive Merula.
1282 4318 1386 4364 D•M
1142 4387 1750 4433 AVRELIO•IANVARIO
1122 4454 1750 4503 SIGNIF•DAEL•MAT•FORT•ET
1132 4517 1744 4558 AVRELIO•VALENTINIANO
1140 4568 1770 4623 EXARCHO•POSVIT•AVRELIVS
1200 4632 1656 4677 PATER•LANVARIVS
1148 4736 1868 4791 VALENTINIANVS•VIXIT•AN•XXXII•
1344 4796 1596 4841 M•III•D•VI
462 1782 1296 1859 NEPTVNO•CONSERVATORI
464 1856 1276 1926 ET•ISIDI•MATRI•DE.......
594 1929 1208 1989 INLVCI•CLASS•RAVEN
806 2001 966 2049 SACR
454 2046 1264 2107 L'ANTIDIVS•L•F•PAL•FEROX
518 2110 1172 2161 PRAEFECTVS•CLASS....
458 2172 1280 2234 RAVENNAT•PATRONVS COLLEG
448 2244 1256 2311 FABR•NAVT•PRAEF•COLL•FABR
462 2304 1248 2363 FERRAR•QVINQ•II•L•D•D•D
454 2356 1224 2428 ...........INCOLL•DECVR.
