3800 5255
790 375 3262 459 RHOARA, ΡΩΑΡΗ, è città della Parthia Regione Asiatica, secondo scriveno Quadrato et Ptolemaeo.
818 454 1874 518 da cui Rhoareno, et Rhoareo. et Rhoarense.
798 545 3194 662 RHOAS, è la medesimo città ch'è Rhoara e Rhoare, cosi prima denominata secondo alcuni: ma se gabano.
816 641 2846 732 Perchè Rhoas fu detta Laodicea, come la nomina diversamente Plinio nellibro quinto.
810 1037 3318 1130 RHOBOGDIO, ò Rhobogdium, ΡΩΒΓΟΔΙΟΝ, è Promontorio nella Hybernia, nominato da Ptolemaeo: donde sono
818 1118 1646 1177 detti i Rhobogodij populi Hybernici.
806 1305 2542 1387 RHOCOBE, ΡΩΚΟΒΗ, è citta nella Thracia Regione: da cui Rhocobeni.
786 1601 1738 1673 RHODE, ΡΩΔΗ, è fiume della Sarmatia
806 1861 3446 1949 RHODIA, è città della Lycia secondo Ptolemaeo scrive, et Rhodia è nome della Nympha detta da Hesiodo dal fluere.
842 1951 3438 2027 et da essa si scrive, Rhodiaco, Rhodiaca, come Rhodio, Rhodia, et Rhodiense. Come nel latino. Rhodiacus, Rhodiaca,
828 2033 3394 2111 Rhodiacum, Rhodius, Rhodia, Rhodium, et Rhodiensis. Come Rhodiense il pelago à Mare, ch'è proprio nell'Asia
828 2112 1326 2185 secondo Ptolemaeo.
808 2355 3458 2417 RHODIOPOLI, Rhodiopolis, ΡΩΔΙΟΥΠΟΛΙΣ, è citta nella Lycia Regione, secondo Plinio nel quinto libro al capo ventesi¬
812 2431 1544 2491 mo settimo: da cui Rhodiopoliti.
816 2734 3430 2809 RHODIO, Rhodius, ΡΩΔΙΟΣ, e fiume nella Troade Regione, di cui parla plinio nel quinto libro al capo trenta. et Rhodio
828 2814 3436 2887 è unaltro fiume della Hispania. et unaltro terzo fiume è nella Sarmatia. Ma quello del Troadeo, nelle favole de
810 2902 3480 2963 greci viene celebrato per l'amore di Paride et di Venere, ove in pastore Venere lo favori poscia al fiume Simoenta
830 2978 1626 3031 idazo: nel giuditio delle tre Dee.
788 3001 3392 3113 RHODOEII, da, ΡΩΔΟΗ che nome della città dell'India, da cui il gentile dice Stephano Rhodoete, ò, ΡΩΔΟΗΤΗΣ. come è
814 3093 3462 3195 detto piu oltre nel nome della città. Alcuni scriveno essi populi per la .Ω. altri per la .Ο. picciola come usa Stephano.
