3800 5255
1904 195 2336 256 DA RAVENNA
794 317 3464 426 Havemo in questo Monumento, perla intitulatione et perli simboli, cognitione di più cose. Et primieramente, vi sivede
826 396 3478 492 lhabito del Centurione della natione pannonica, che nella classe Romana Ravennate Militavano. Egli ha per suo sago
1744 493 3540 542 militare la lacerna, che serviva per inbracciare, posta sopra della ordinaria Tunica
1936 553 3492 623 mezza manicata. Visi vedeno le caliche Militari. Dala mano destra Tiene il
1960 627 3496 701 scettro della Vita, con che discipliavano i Centurioni et gli Tribuni i suoi
2044 698 3548 778 soldati: per corregerli col legno che significa l'honore militare et il bra¬
2040 772 3516 854 cio della gloria della palma del vincitore. La onde disciplinando nella
2040 848 3496 938 Discipulina i soldati che preterivano gliordini i suoi cinturioni conla
2048 920 3504 1010 vita gli percuoteva: la quale bastonata si prendeva per cosa honesta et
2064 996 3508 1078 non per ingiuria come sarebbeno le percosse d'altri legni. Pertanto si
2052 1062 3516 1154 prendeva per correttione et non per ingiuriosa battitura. Ha dalla
2044 1136 3512 1231 mano sinistra il libro ò cartolare del privileggio Militare della Fede
2044 1206 3524 1303 et giuramento che si usava prendere nell'introito della Militia, apie
2040 1279 3508 1380 dell'altari; incui si pregavano gli Iddij, et segli prometteva fidelta
2044 1357 3536 1456 di combattere insino alla morte per conservare l'essercito. Et questo ne
2048 1435 3516 1534 mostra quel caro Aemilio Severo Centurione della Centuria Tertia
2052 1511 3504 1624 Herculania. come che'essa era denominata da Hercole comito et
2068 1591 3504 1708 Tutelare della fortezza et valore de soldati. Visi vede la Gorgona
2064 1665 3532 1784 ch'è la Virtu Minervale il spavento et Terrore del capitano et dellhuo
2074 1745 3486 1860 mo prudente. Visi vegono i Delphini di Venere Amica Martiale, et
2070 1823 3522 1942 sono simbuli della forza del mare, che hora è liocto et hora procelloso et
2054 1907 3590 2012 perturbato Mostrano l'assalti improvisi et la Forma della Nave Velo¬
2056 1993 3570 2098 ce et Bellatrice, dalla qualita del Delphino formata, nella Nave lon¬
2040 2077 3568 2184 ga et veloce come pria la considero Tiphi, sicome havemo detto nelle
2048 2161 3556 2278 cose delle Navi. Cosi dunque quel Centurione sendo della Militia
2068 2245 3542 2358 dell'armata, ha insegne di cose delle figure, che accennano l'aspetto
2054 2335 3564 2431 del Mare et l'animo di chiunchè lo milita, et lo soggietto delle cose
2056 2417 3544 2507 et della prudentia et di quella Diva Crudele, chel Mare porge, et
2064 2499 3556 2584 commove l'animo et gli spirti: ne quali muovimenti conviene la
2054 2585 3552 2666 fortezza et generosita dell'animo, e navigare conviene per questo
2074 2669 3564 2743 nella Nave ch'è più forte et più provista di Triarchi et di Navarchi
2074 2754 3540 2817 secondo conviene nelle cose forti del principe proveditore della
824 2822 3546 2913 Nave, Maritima, per non perdere la Nave che governa l'honore et l'utile della Vita, piena di molta Nausea,àchi
848 2896 3290 2989 non sà et ha pratticato il mare, che sempre si muove atggita. àguisa degli animi inconstati de mortali.
840 2986 3526 3080 Quest'altre due intitulationi si trovano molto male trattate di rotture, et d'incendio, nelluogo della chiesa di Santa Maria
848 3066 3524 3142 in Classe. ove sono simbuli della Gorgona et de Leoni segni della fortezza et valore di quelli soldati. et alcuni d'essi hanno
2654 3143 3506 3206 alcune Teste d'Arieti intra gli artigli.
2652 3229 3514 3300 significante la buona fortezza, che gio
2652 3317 3508 3382 va à gli huomini vivi, per degno nudri¬
2656 3401 3508 3460 mento et doppo morte anchora sendo
2662 3483 3510 3542 quelli animali buoni, cosi è la fortezza
2658 3567 3534 3628 buona in morte et invita per cibo dell'
2654 3649 3548 3712 animo. Furono dunque essi soldati di
2662 3730 3552 3796 due cohorti, ò compagnie. della Terza,
2658 3807 3526 3878 Mercatoria. et della Tertia Ministra
2646 3889 3546 3968 torià. Percioche leggemo quelle due
2650 3975 3502 4046 abbreviature. ĪĪĪ•MIN•Tertia Mini
2634 4055 3560 4134 stratoris. et ĪĪĪ•MERC; Tertia Mercato
2654 4137 3560 4204 ris della Natione pannona ò pure dice
2630 4211 3548 4284 Tertia Mercenaria Natione et Tertia Mi¬
2628 4289 2834 4350 nervia.
1022 1009 1076 1070 D
1734 1013 1798 1072 M
1056 2414 1828 2476 C•AEMILIO•SEVERO
990 2467 1830 2535 ⁊•N•PANN•VIX•AN•XLII
1016 2547 1650 2591 MIL•AN•XXII•ĪĪĪ•HER
1020 2608 1798 2655 VALERIA•FLAVINA
1172 2660 1294 2703 CON•
1204 2605 1270 2656 SIC
1294 2657 1368 2694 I•P•C•
996 2712 1784 2765 ET•PINNVS•PROBVS•H
1074 3701 1414 3768 D•M
952 3837 1484 3900 LICINI
962 3937 1506 4010 VICTORIS
1003 4041 1480 4096 ĪĪĪ•MIN
1008 4118 1520 4171 NAT•PAN•MIL•A•XX
1024 4173 1390 4227 VIX•AN•L
898 4250 1530 4324 A•DASIMIVS•SEVERVS
2324 3671 2368 3726 D•M
1912 3765 2494 3832 P•AELI•IVSTI
2250 3855 2468 3924 ĪĪĪ•MERC•
1902 3950 2500 4014 NAT•PAN•MIL•AXI
1896 4026 2430 4090 VIX•AN•XXXX•
1898 4092 2472 4167 ...................
1904 4155 2482 4233 .......................
