3800 5255
934 409 3546 489 tarcho Cheroneo, Thimosthene, Dionysio Alicarnasseo, Hecataeo, Dionysio Aphro, Trogo pompeio, Eratosthe¬
942 510 3494 584 ne, Strabone, Livio, Valerio Antiate, Antioco, Demetrio, Artemidoro, Chratystene, Megasthene, et al
946 606 3512 682 tri de quali si dira nelle loro allegantie. Primieramente scrive Marco Verrio Flacco con questi oppenio
930 704 3512 796 ni incomincido adire sopra il nome di Roma: che Cephalone Gergithio disse, che fu appellata dall'even
950 804 3484 882 to di Aenea, et chiamata dal comito di essa Aenea, il quale avendo in Italia occupato il monte Palatino
958 910 3488 986 vi edificò la città, et nominolla Roma. Et questo che costui scrisse si confa con' Thimosthene, lo quale
946 1031 3508 1085 disse che mentre Evandro signoreggiava nel colle palatino Aenea navigo dentro terra perlo Tiberifiume è
926 1134 2368 1179 disotto al colle RomonedaPallante figliuolo di Evando fu
2372 1094 2464 1130 assaltato
2368 1138 2733 1177 nel smontare
2748 1088 2766 1132 et fu
2733 1144 3492 1187 per uccidere Aenea: ma conosciu
948 1209 3466 1296 to essere Troiano et nimico di Turno che allhora combattea con il Re Latino, lo alloggio et gli diede un
944 1304 3444 1406 luogo da fare un'presidio, lo quale chiamò da Romo suo prefetto. Ma Apollodoro, referito, dal sudetto
958 1422 3426 1508 Verrio, parlando dela medesimo venuta inqueste parti Italiche di Aenea figliuolo di Anchise et di
950 1546 3472 1624 Venere disse. Che di esso et di Lavinia nacquero Mayllene, Moulo, et Romolo et Remo, et da que
944 1666 3412 1742 sti duoi fratelli fu fatta Roma. et questo si confronta con unaltra oppenione, che referi Hecataeo.
956 1770 3480 1850 che Aenea presa per mogliere Lavinia figliuola del Re Latino, genero Molone, Romolo et Romilio, ..
954 1870 3458 1960 sul colle Romonefabricarono una città et per augurio quella chiamarono Roma, mentre la volevano
968 1972 3480 2070 denominare d'unaltro nome, fu Romilio morto. Oltre Verrio Flacco dice chel terzo auttore lo qual
974 2084 3444 2172 egli chiama Alcymo disse, nelle Tyrrhenie, che di Aenea nacque un figliuolo che edifico Alba longa
968 2206 3450 2284 et dal nepote che nacque la stirpe che genero Romo, che edifico Roma: et il medesimo disse Apollonio
974 2306 3458 2394 Rhodio. et Eratosthene per terzo disse dall'adnepote di Aenea et Nepote di Iulo figliuolo di esso Aenea
982 2408 3462 2494 et di Lavinia, ò pure di Chreusa Re degli Albani. Il quarto auttore che mette Verrio, è Antigono,
968 2520 3452 2604 scrittore dele cose Italiche nellesuehistorie disse, che Romo nacque di Iove che edificò in palazzo
966 2624 3478 2713 Roma denominado la dal suo nome. Aquesto Auttore si puo confrontare quello che disse Antiocho,
992 2716 3450 2820 che referi che dal Nepote di Iunione fu edificata Roma, volendo intendere dal figliuolo di Marte
992 2824 3422 2934 che per adottione è figliuolo di Iove esso Marte, per cio che secondo la favola Marte fù generato
1000 2936 3478 3032 da Iunone moglie et sorella di Iove. Oltre si trova nel sudetto Verrio, che nelle historie Cumane
1000 3046 3436 3131 composte in Athene da Sicyone Thespiade, si trova unaltra origine, la quale è che essendo nata
996 3149 3472 3235 penuria grande del vivere in Arcadia, si partirono molti huomini dela città Palanteo, è sotto di Evan
988 3254 3452 3342 dro condotti, et sendo dala sua Regione trasportato in Italia con molti errori, andato cercandoluogo
1000 3364 3422 3444 da fermarsi, trovò tra gli Aborigini il sito et vi edifico nel colle chiamato Palazzo la citta, che dal
1002 3470 3438 3550 suo huomo, ò figliuolo la chiamò Valentia, che suona Valore, et cosi passò circa lo evento di Evan
1008 3576 3442 3662 dro venuto in Italia, et dal valore i sabini dissero Roma: et Valentia che tanto significa nellalo
1010 3688 3484 3772 ro lingua et nella greca. et questo etiandio dice Varrone che i sabini dicono Valentia quello che
1006 3796 3464 3886 in essa lingua et nella greca denota, Roma, ò ΡΩΜΗ. Doppo succedendo la venuta di Aenea in
1000 3912 3460 4004 Italia, conla gran copia di huomini, trovò quivi molti greci, che con magna eloquentia parlavano,
1000 4032 3496 4114 Percio che Evandro porto le lettere ai latini, et Carmenta sua madre l'uso deli Vaticinij, et nell'istes¬
996 4146 3456 4222 so luogho dipoi Evandro edifico Roma esso Aenea, et chiamandola dal buono augurio della fortez
1010 4252 3446 4336 za et gagliardia, secondo gli significarono quelli huomini chequivi habitavamo. A' questo anchor
