3800 5255
3019 237 3172 290 36
3176 308 3266 360 33
436 398 2974 469 RHOBIA, et ROBEIA, è citta dell'Apuli, detta Rovia. donde si dice Roberate. et Fu detta Rubia.
488 484 2144 563 donde i greci dicono ΡΟΒΕΙΑΤΗΣ, et ΡΟΒΕΙΤΗΣ, et ΡΟΒΗΙΤΗΣ.
460 811 2988 927 RHODANUSIA, come i greci, ΡΟΔΝΟΥΣΙΑ, è citta della Mastalia, Regione libysta circa la celti¬
480 909 2946 1014 ca, colonia di phocensi. Dala quale secondo scrive Stephano il cittadino si scrive Rhodamisio,
488 1007 3002 1096 et la femina Rhodanusia, et nel genetivo del piu si trova nell'antichi marmi scritto. ΡΟΔΑ¬
506 1096 2978 1192 ΝΟΥΣΙΩΝ. et RHodanusia la citta colonia latina come è nella Medaglia, che da un lato ha una
486 1194 2966 1290 lynce conla pelle ma colosa, et dall'altra il cantharo Vaso di Baccho, et il Graspo d'Uva come cose
490 1298 2986 1388 di Baccho. et in unaltra medaglia si trova la testa di Iove cosilettere greche che dicono ΖΕΥΣ ΚΑ¬
488 1394 2588 1478 ΠΙΤΟΛΙΔΟΣ. che à nuoi sona Iove capitolino, che capitolido dicono altre nationi.
456 1580 2930 1676 RHODA, è città della Gallia sul Rhodano fiume, nelli Massiliensi, habitata da Tectosagi et Volcuri,
500 1678 2596 1768 et da Rhodij, secondo Artemidoro. et nefa menzione Plinio nellibro terzo al capo quarto.
464 1778 2994 1888 RHODAE, overo Rodae, è citta d'Italia appresso di Stephano Byzantio, la quale penso, che sia ter¬
516 1868 2870 1984 ra gia della Iapygia, donde si dice Rhodiate, ò ΡΟΔΑΙΑΤΗΣ, et la citta scrivono ΡΟΔΑΙ.
468 2246 2956 2316 RHODE, overo, ΡΟΔΗ, è citta della Iberia, presso di Ptolemaeo et di Stephano, donde il cittadi¬
472 2342 2922 2426 no dicesi Rhodaeo, ò pure ΡΟΔΑΙΟΣ, come da Mydae Myndaeos, et da Iudaea Iudaeos.
472 2832 2962 2950 RHODIA, è citta della Lycia, onde da essa ΡΟΔΙΑ, i greci formano, ΡΟΔΙΑΣ, et Rhodiense, ò ΡΟΔΙ¬
504 2928 2954 3052 ΕΥΣ. Alcuni dicono ΡΟΔΗΣ, ΡΟΔΕΥΣ, et ΡΟΔΙΑΙΟΣ. et nella Medaglia di Traiano è posto sotto della
510 3074 1430 3152 Vittoria, ΡΟΔΙΑΙΩΝ, nel numero del piu
464 3458 2896 3570 RHODOË, overo, ΡΩΔΟΗ, è citta dell'Indi, secondo scrive Stephano. et il cittadino Rhodoëte, overo
496 3562 2610 3674 ΡΟΔΟΗΤΗΣ, come da Arsenoe, ò ΑΡΣΕΝΟΗ, ΑΡΣΕΝΟΗΤΗΣ. Come disse Aristoxeno.
462 3711 3018 3786 RHODOPI, Rhodopis, è nome della Donna, che havea un monumento in Delpho, et fu Regina d'Aegypto, ove
498 3791 2998 3846 condotta da greci per concubina, et in Aegypto fu fatta una piramide come dice Herodoto in Euterpe, et
516 3844 1312 3897 Diodoro Argyrano nelle favole.
476 3864 2954 3967 RHODOPE, et, ΡΟΔΟΠΗ, è citta della Ionia come piace à Stephano d'indi si dice Rhodopense, ò vero, ΡΟ¬
508 3956 2952 4088 ΔΟΠΕΥΣ. Come da Sinope sinopense, ò ΣΙΝΟΠΗ, ΣΙΝΟΠΕΥΣ, Rhodope anchora è Monte della Thra
510 4058 2942 4196 cia, detto da Rhodope Regina la quale vi fu sepulta, et in habito. Onde nacque la favola recita
500 4178 2968 4290 ta da Ovidio tra glialtri ove la figne essere in esso Monte convertita. Costei fu figliuola del Fiume
492 4294 2572 4396 Strymone, di cui parla Virgilio nell'ottava E cloga — DVRIS IN COTIBVS ILLVM
1186 4410 2928 4488 ISMARVS, VT RHODOPE, AVT EXTREMI GARAMANTES. Da qui
