3800 5255
940 363 3514 464 RHEGMA: è una delle nobili città dell'Arabia felice: nominata da Uranio et da Ptolemaeo Geographo. da cui Rhegmaei
978 481 1184 546 i populi.
970 678 3478 760 RHEGMATITE, et Rhegmatites, è nome di seno, nel seno persico come scrive Stephano, del quale havemo detto
1026 758 3464 844 piu di sopra, in Regma senza spiratione; per che in questo et inquel modo si trova scritto. Lo quale luogo è Ter
1030 840 1482 908 ritorio Golfo, et Vico
966 2064 3500 2134 RHEMEI, Remi, ΡΗΜΟΙ popoli ferocissimi, et primi saettatori di tutta la Gallia Belgica, de quali
1018 2157 3470 2232 havemo detto piu oltre nella dittione, RHOEMI, per cio che variamente si scrivono dall'antichi
1026 2263 3532 2332 greci, et ΡΗΜΟΙ. et, ΡΟΙΜΟΙ, et i latini Rhemei, de quali parla Caesare ne comentari nella Vitto¬
1028 2359 3500 2432 ria che egli hebbe. contra à Rhemi et Mediomatrici et Lenci al Gergognia: et d'essi scrive Plinio, nel 4. al capo
1028 2462 3492 2549 RHEMIRIANVM. Fù antico o pago et Villa di Caio Rhemio senatore Romano, posto nel paese di Mi
1040 2544 3472 2639 seno nelli campani popoli, ornato di edificij et di Vivari di pesci, et di belle statue, con portichi
1050 2655 1464 2724 varij degnissimi.
1004 2745 3480 2826 RHENUS, Rheni, et, ΡΗΝΟΣ, è fiume chiarissimo della Germania corrente perli confini della Gallia
1032 2841 3444 2916 uscendo di sotto alli lughi dell'Alpi Raetie, et circa al fine de Batavi, si divide intre Rami, et
1040 2927 3484 3016 andando oltre tutti si mettono inparte nel fiume Mosa, in parte, nell'oceano il restante. i qua
1036 3027 3488 3130 li tre Rami ò corni come li chiama il Glariano sono appellati da Germani, Lecca, Vualis et
1044 3117 3472 3220 Isella. et l'uno de essi per una Fossa fatta dal Rheno al Mare corre, che fu opera di Claudio
1040 3228 3496 3314 Druso fatta combattendo contra Germani. et per che questo terzo Ramo fu fatto doppo la mor
1052 3375 1115 3412 te
1066 3320 1340 3360 d'esso Druso on
1115 3317 3488 3412 de Virgilio, esso fiume chiama il Rheno Bicorne, cio è con due ostie ò vogliamo dire Foci. et del
1048 3393 3468 3512 medesimo fiume in neutro genere fece menzione Horatio nel trattato dell'arte poetica. Cosi
1064 3492 3526 3608 dicendo: AVT FLVMEN RHENVM, AVT, PLVVIVS DESCRIBITVR ARCVS. Rheno anchora
1088 3578 3458 3701 è fiume d'Italia, che passa per Bononia nobilissinia citta della Gallia Togata, et mette nel Fiume
1068 3669 3522 3790 pado incontro alla citta di Ferara, et è fiume piacevole et navigabile. Di cui parla Plinio, dicendo
982 3771 3534 3874 chel'Rheno fiume di Bononiensi produce ottimi calami, et ne scrive inpiu luoghi della sua opera, come
1036 3851 3562 3966 ancho del Rheno di Germania, et narra dell'isola, et de suoi habitatori: et esso fiume è chiarissimo dell'
1034 3937 3530 4054 Acque, et questo di Italia porta molto limo nel Pado dove egli si perde: et il Rheno di Germania mette pertre
1030 4031 3576 4135 foci nell'oceano. La prima ostia viene detta da Plinio Vabalis Helium che situata alla parte chel Rheno si volge
1036 4107 3552 4211 all'austro. La seconda Foce, ò ostia s'appella Lecca: nella parte di mezzo. La terza ostia s'appella. Fla¬
1048 4181 2836 4281 vio, come dice Pomponio Mela; et anchor plinio, Flavium: ma il vulgo Ifftij.
1000 4249 3600 4371 RHENI, et Rheniorum, sono detti gli habitatori Germani sul' sudetto Rheno Fiume. diconsi Rhenani, Rhena
1034 4325 3526 4447 nus, Rhenana, et Rhenanum, et Cisrhenano, et Transrhenano, come usa Cesare ne suoi Commentarij.
972 4401 3546 4524 RHESALA, è la medesimo ch'è Refala che si scrive anchora conla spiratione della H. ch'è citta dell'Umbrori.
988 4490 3556 4589 RHESINA, è citta circa all'Aboron fiume, da cui si dice Rhesinate, et Rhesinates come piace à Stephano, et
1048 4570 3154 4665 dilei è detto piu di sopra, nella Resina parola senza spiratione: la quale è dell'isola Aegina.
968 4659 3572 4738 RHESPERIA, è Isola al Mare Ionio allongo alla navigatione d'Epheso, come vuole plinio nel quinto libro al capo
1048 4749 1302 4814 dell'isole.
