3800 5255
824 353 3458 433 RHADINA, et ΡΑΔΕΙΝΑ, et senza spiratione Radina, è città del Peloponneso, come dice Strabone nellibro decimo: et da
988 439 3462 515 essa si dicono Rhadinaei, e Rhadinensi. perche nella medaglia si trova, ΡΑΔΙΝΑΙΩΝ, dove da uno lato èla effigie
972 527 1420 595 di Iove Euphemo.
830 644 2574 740 RHAEBA, et, ΡΑΙΒΑ, è città nella Hybernia Isola, come vuole Ptolemaeo.
872 850 2670 938 RHAEDA, ΡΑΙΔΑ, è città nell'Arabia Felice; cosi nominata da Ptolemaeo.
852 1034 3494 1121 RHAENTINI, et, ΡΑΙΝΤΗΝΙ, sono populi dell'Arabia Petra, come gli nomina Ptolemaeo. La cui città fù Rhaentis,
1042 1139 1338 1198 et Rhaentin.
822 1313 3460 1395 RHAGAE, et Rhagaearum, è citta delli Medi Populi dell'Asia, donde Stephano dice Rhagen, ò ,ΡΑΓΕΝ, alcuni
1006 1411 1916 1481 senza spiratione Ragae. altri, ΡΑΓΑΙ,
836 1590 3392 1672 RHAGAEA, è citta della panthia, de cui scrisse Quadrato nelle cose parthiche. et fanne menzione Ptolemaeo.
862 1850 2794 1944 RHAGIANA, è Regione nella Media, secondo Ptolemaeo. donde Rhagianati.
864 2245 3500 2340 RHAMNO, ò Rhamnus, et Rhamnuntis, è città nell'Attica Regione; secondo Ptolemaeo. Et quivi dice Pausania
1024 2331 3514 2436 si venerava la Fortuna chiamata Nemesis, et Rhamnusia, acui edificò il Tempio Amphiarao. et anchora
1024 2426 3534 2528 Rhamnus, ò Rhamnuntis, è nome del porto nell'isola di Crete, secondo Ptolemaeo dice: et è citta nella istes¬
1048 2509 3484 2621 sa Isola come scrive Plinio nel quarto libro al capo duodecimo. da essi luoghi adunque lhabitatore, ò citta
1026 2592 3488 2702 dino si dice Rhamnusio, et Rhamnusia, come nellatino Rhamnusius, Rhamnusia, et Rhamnusium.
1060 2673 3526 2777 Ciò che appartiene alla città padrona. et dicesi Rhamnusia indignationis, cio è sdegno et ira della
1040 2760 3520 2857 Dea Rhamnusia, che i greci dicono ΝΕΜΕΣΙΝ, et Ovidio, Rhamnusis et Rhamnusidis, dicendo del
1056 2838 3486 2935 la sdegnatione d'esse Fortuna: MEMOREMQVE TIME RHAMNVSIDIS PRAM. per che stimavano.
1046 2921 3532 3007 ch'essa vendicasse i misfatti di tutti coloro che sotto di colore Religioso ò d'atto di pieta gabbano et ingan¬
1050 3003 3066 3087 nano altrui: et fu detta anchora Fortuna Adrastea, come havemo detto in Adrasteia.
888 3081 3500 3206 RHAMNESIANO, ò Rhamnesianum, fù villa nel paese Tiburtino, che fu di Rhamne, ò Rhamnes, et Rhamnetes
1050 3171 1514 3248 cavaglier Romano.
882 3279 3534 3386 RHAMPSINITE fù detta gia Heliopoli città d'Aegypto. da Rhampsinito Re, che succedette à Proteo, del quale scrive He¬
1030 3371 3514 3464 rodoto nel secondo libro: lo quale fece molte cose in Heliopoli di fabriche, secondo referi Artemidoro, nella cosmo¬
1026 3460 1244 3532 graphia.
898 3674 3358 3774 RHAPHANA, ΡΑΦΑΝΑ, è citta nella Regione chiamata Decapoleo, come plinio dice nel quinto al capo .18.
882 3882 2650 3964 RHAPSA, et, ΡΑΨΑ, e città nella Media nell'Asia, celebrata da Ptolemaeo
892 3988 3108 4060 RHAPSE, et ΡΑΨΕΣ, sono populi, ò gente della Perside Regione nominate dal detto Cosmographo.
890 4086 3178 4160 RHAPTA, è città metropoli nella Aethiopia sotto l'Aegypto, situata da Ptolemaeo nel seno Barbarico.
890 4392 3478 4454 RHAPTO, Rhaptum, ΡΑΠΤΟΝ, si dice il promontorio dell'Aethiopia sotto l'Aegypto, nominato da Ptolemaeo. et
1016 4475 3504 4550 Rhapto Rhaptus, è nome di fiume, che passa per Rhapta et mette l'acque nel seno Barbarico dell'Aethiopia.
