<?xml version="1.0" encoding="UTF-8" standalone="yes"?>
<PcGts xmlns="http://schema.primaresearch.org/PAGE/gts/pagecontent/2013-07-15" xmlns:xsi="http://www.w3.org/2001/XMLSchema-instance" xsi:schemaLocation="http://schema.primaresearch.org/PAGE/gts/pagecontent/2013-07-15 http://schema.primaresearch.org/PAGE/gts/pagecontent/2013-07-15/pagecontent.xsd">
    <Metadata>
        <Creator>prov=University of Rostock/Institute of Mathematics/CITlab|PLANET AI GmbH/Tobias Gruening/tobias.gruening@planet-ai.de:name=/net_tf/LA73_249_0mod360.pb:de.uros.citlab.segmentation.CITlab_LA_ML:v=2.6.7
prov=University of Rostock/Institute of Mathematics/CITlab|PLANET AI GmbH/Tobias Gruening/tobias.gruening@planet-ai.de:name=/net_tf/LA76_249_0mod90.pb:de.uros.citlab.segmentation.CITlab_LA_ML:v=2.6.7
Transkribus</Creator>
        <Created>2020-12-04T19:23:34.840+01:00</Created>
        <LastChange>2022-02-02T12:41:28.285+01:00</LastChange>
        <TranskribusMetadata docId="855487" pageId="31902819" pageNr="23" tsid="74275947" status="GT" userId="87579" imgUrl="https://files.transkribus.eu/Get?id=OVLQKXVYXCGKKEZNMEUAIUUP&amp;fileType=view" xmlUrl="https://files.transkribus.eu/Get?id=KETASVWBLIDIVZNKCDASKIBK" imageId="17873891"/>
    </Metadata>
    <Page imageFilename="PirroLigorio_Ja_III_3_012a.jpg" imageWidth="3800" imageHeight="5255">
        <ReadingOrder>
            <OrderedGroup id="ro_1719337493399" caption="Regions reading order">
                <RegionRefIndexed index="0" regionRef="r1"/>
            </OrderedGroup>
        </ReadingOrder>
        <TextRegion orientation="0.0" id="r1" custom="readingOrder {index:0;}">
            <Coords points="847,385 818,4617 3641,4590 3556,429"/>
            <TextLine id="r1l1" custom="readingOrder {index:0;}">
                <Coords points="908,510 1035,514 1162,516 1289,518 1416,518 1543,516 1670,514 1797,512 1924,508 2051,506 2178,502 2305,498 2432,495 2559,493 2686,492 2813,490 2940,490 3067,492 3194,494 3321,500 3448,506 3448,445 3321,439 3194,433 3067,431 2940,429 2813,429 2686,431 2559,432 2432,434 2305,437 2178,441 2051,445 1924,447 1797,451 1670,453 1543,455 1416,457 1289,457 1162,455 1035,453 908,449"/>
                <Baseline points="908,490 1035,494 1162,496 1289,498 1416,498 1543,496 1670,494 1797,492 1924,488 2051,486 2178,482 2305,478 2432,475 2559,473 2686,472 2813,470 2940,470 3067,472 3194,474 3321,480 3477,489"/>
                <TextEquiv>
                    <Unicode>da Romani, la quale Gallia da Ravenna a Felsina Bonomia, à Regio et Mutina si stende intra il fiume Heridano pa¬</Unicode>
                </TextEquiv>
            </TextLine>
            <TextLine id="r1l2" custom="readingOrder {index:1;}">
                <Coords points="920,602 1046,602 1172,602 1298,602 1424,600 1551,600 1677,598 1803,596 1929,594 2055,592 2182,592 2308,590 2434,588 2560,588 2686,588 2813,588 2939,588 3065,590 3191,592 3317,594 3444,598 3444,537 3317,533 3191,531 3065,529 2939,527 2813,527 2686,527 2560,527 2434,527 2308,529 2182,531 2055,531 1929,533 1803,535 1677,537 1551,539 1424,539 1298,541 1172,541 1046,541 920,541"/>
                <Baseline points="920,582 1046,582 1172,582 1298,582 1424,580 1551,580 1677,578 1803,576 1929,574 2055,572 2182,572 2308,570 2434,568 2560,568 2686,568 2813,568 2939,568 3065,570 3191,572 3317,574 3444,578"/>
                <TextEquiv>
                    <Unicode>do, chel vulgo hora lo dice Pò, Da phaethonte nacque Lygur, et da Lygur nacque Cygno, che i greci vogliono, che</Unicode>
                </TextEquiv>
            </TextLine>
            <TextLine id="r1l3" custom="readingOrder {index:2;}">
                <Coords points="926,689 1051,691 1176,693 1301,695 1426,695 1551,695 1676,693 1801,691 1926,689 2051,687 2176,685 2301,683 2426,683 2551,681 2676,683 2801,683 2926,685 3051,689 3176,694 3301,699 3426,707 3426,644 3301,636 3176,631 3051,626 2926,622 2801,620 2676,620 2551,618 2426,620 2301,620 2176,622 2051,624 1926,626 1801,628 1676,630 1551,632 1426,632 1301,632 1176,630 1051,628 926,626"/>
                <Baseline points="926,668 1051,670 1176,672 1301,674 1426,674 1551,674 1676,672 1801,670 1926,668 2051,666 2176,664 2301,662 2426,662 2551,660 2676,662 2801,662 2926,664 3051,668 3176,673 3301,678 3426,686"/>
                <TextEquiv>
                    <Unicode>Liguro diede nome alla Liguria, Phaethonte s'annego nelle palude padane et così Lygur che cercandolo si</Unicode>
                </TextEquiv>
            </TextLine>
            <TextLine id="r1l4" custom="readingOrder {index:3;}">
                <Coords points="894,799 1019,801 1145,801 1271,799 1396,799 1522,797 1648,795 1773,793 1899,789 2025,787 2151,785 2276,783 2402,783 2528,781 2653,783 2779,783 2905,785 3030,789 3156,793 3282,800 3408,807 3408,738 3282,731 3156,724 3030,720 2905,716 2779,714 2653,714 2528,712 2402,714 2276,714 2151,716 2025,718 1899,720 1773,724 1648,726 1522,728 1396,730 1271,730 1145,732 1019,732 894,730"/>
                <Baseline points="894,776 1019,778 1145,778 1271,776 1396,776 1522,774 1648,772 1773,770 1899,766 2025,764 2151,762 2276,760 2402,760 2528,758 2653,760 2779,760 2905,762 3030,766 3156,770 3282,777 3408,784"/>
                <TextEquiv>
                    <Unicode>soffogò onde i poeti, per honorarlo fingono cascato Phaetonte dal carro del sole, fulminato: et dalla cui favola lo</Unicode>
                </TextEquiv>
            </TextLine>
            <TextLine id="r1l5" custom="readingOrder {index:4;} unclear {offset:0; length:7;}">
                <Coords points="914,900 1040,898 1166,896 1292,894 1418,892 1544,888 1670,886 1796,882 1922,879 2048,876 2174,874 2300,872 2426,872 2552,872 2678,872 2804,874 2930,878 3056,884 3182,890 3308,899 3434,908 3434,847 3308,838 3182,829 3056,823 2930,817 2804,813 2678,811 2552,811 2426,811 2300,811 2174,813 2048,815 1922,818 1796,821 1670,825 1544,827 1418,831 1292,833 1166,835 1040,837 914,839"/>
                <Baseline points="914,880 1040,878 1166,876 1292,874 1418,872 1544,868 1670,866 1796,862 1922,859 2048,856 2174,854 2300,852 2426,852 2552,852 2678,852 2804,854 2930,858 3056,864 3182,870 3308,879 3434,888"/>
                <TextEquiv>
                    <Unicode>Eridano viene honorato come narrano Plinio, Ovidio et Virgilio. Cygno doppo Liguro regnando in Ligu¬</Unicode>
                </TextEquiv>
            </TextLine>
            <TextLine id="r1l6" custom="readingOrder {index:5;}">
                <Coords points="920,986 1045,990 1170,993 1295,994 1420,996 1546,994 1671,994 1796,992 1921,990 2046,988 2172,986 2297,983 2422,980 2547,978 2672,976 2798,974 2923,974 3048,974 3173,974 3298,976 3424,980 3424,919 3298,915 3173,913 3048,913 2923,913 2798,913 2672,915 2547,917 2422,919 2297,922 2172,925 2046,927 1921,929 1796,931 1671,933 1546,933 1420,935 1295,933 1170,932 1045,929 920,925"/>
                <Baseline points="920,966 1045,970 1170,973 1295,974 1420,976 1546,974 1671,974 1796,972 1921,970 2046,968 2172,966 2297,963 2422,960 2547,958 2672,956 2798,954 2923,954 3048,954 3173,954 3298,956 3424,960"/>
                <TextEquiv>
                    <Unicode>ria cercando phaetonte nell'Eridano somerso finsero essere mutato in Cygno. l'Galli Cenomani passati</Unicode>
                </TextEquiv>
            </TextLine>
            <TextLine id="r1l7" custom="readingOrder {index:6;}">
                <Coords points="928,1091 1052,1095 1177,1099 1302,1101 1427,1101 1552,1101 1677,1099 1802,1098 1927,1095 2052,1093 2177,1091 2301,1087 2426,1085 2551,1081 2676,1079 2801,1077 2926,1077 3051,1077 3176,1077 3301,1079 3426,1081 3426,1012 3301,1010 3176,1008 3051,1008 2926,1008 2801,1008 2676,1010 2551,1012 2426,1016 2301,1018 2177,1022 2052,1024 1927,1026 1802,1029 1677,1030 1552,1032 1427,1032 1302,1032 1177,1030 1052,1026 928,1022"/>
                <Baseline points="928,1068 1052,1072 1177,1076 1302,1078 1427,1078 1552,1078 1677,1076 1802,1075 1927,1072 2052,1070 2177,1068 2301,1064 2426,1062 2551,1058 2676,1056 2801,1054 2926,1054 3051,1054 3176,1054 3301,1056 3426,1058"/>
                <TextEquiv>
                    <Unicode>nella Transpadana con Cenomano loro signore, habitarono i confini de Venetiani. et questi passarono in</Unicode>
                </TextEquiv>
            </TextLine>
            <TextLine id="r1l8" custom="readingOrder {index:7;}">
                <Coords points="920,1207 1046,1210 1172,1212 1298,1213 1424,1211 1550,1209 1676,1207 1802,1203 1928,1199 2054,1195 2180,1191 2306,1185 2432,1182 2558,1177 2684,1175 2810,1171 2936,1171 3062,1169 3188,1171 3314,1173 3440,1177 3440,1108 3314,1104 3188,1102 3062,1100 2936,1102 2810,1102 2684,1106 2558,1108 2432,1113 2306,1116 2180,1122 2054,1126 1928,1130 1802,1134 1676,1138 1550,1140 1424,1142 1298,1144 1172,1143 1046,1141 920,1138"/>
                <Baseline points="920,1184 1046,1187 1172,1189 1298,1190 1424,1188 1550,1186 1676,1184 1802,1180 1928,1176 2054,1172 2180,1168 2306,1162 2432,1159 2558,1154 2684,1152 2810,1148 2936,1148 3062,1146 3188,1148 3314,1150 3440,1154"/>
                <TextEquiv>
                    <Unicode>successione di tempo insino all'Istro fiume nell'anno seicento doppo il Dilluvio: Unaltra oppenione greca si</Unicode>
                </TextEquiv>
            </TextLine>
            <TextLine id="r1l9" custom="readingOrder {index:8;}">
                <Coords points="910,1312 1037,1316 1164,1318 1291,1320 1419,1320 1546,1318 1673,1316 1801,1314 1928,1310 2055,1307 2183,1303 2310,1299 2437,1294 2564,1290 2692,1286 2819,1282 2946,1278 3074,1276 3201,1274 3328,1272 3456,1272 3456,1205 3328,1205 3201,1207 3074,1209 2946,1211 2819,1215 2692,1219 2564,1223 2437,1227 2310,1232 2183,1236 2055,1240 1928,1243 1801,1247 1673,1249 1546,1251 1419,1253 1291,1253 1164,1251 1037,1249 910,1245"/>
                <Baseline points="910,1290 1037,1294 1164,1296 1291,1298 1419,1298 1546,1296 1673,1294 1801,1292 1928,1288 2055,1285 2183,1281 2310,1277 2437,1272 2564,1268 2692,1264 2819,1260 2946,1256 3074,1254 3201,1252 3328,1250 3456,1250"/>
                <TextEquiv>
                    <Unicode>trova. Che nel Tempo che si è detto di Noe Iano ò Iaccho, et di nepoti, succederono nelhumana generatione</Unicode>
                </TextEquiv>
            </TextLine>
            <TextLine id="r1l10" custom="readingOrder {index:9;}">
                <Coords points="920,1402 1045,1406 1171,1408 1296,1410 1422,1412 1547,1412 1673,1412 1798,1411 1924,1410 2049,1408 2175,1404 2300,1402 2426,1398 2551,1396 2677,1392 2802,1388 2928,1384 3053,1380 3179,1376 3304,1372 3430,1368 3430,1301 3304,1305 3179,1309 3053,1313 2928,1317 2802,1321 2677,1325 2551,1329 2426,1331 2300,1335 2175,1337 2049,1341 1924,1343 1798,1344 1673,1345 1547,1345 1422,1345 1296,1343 1171,1341 1045,1339 920,1335"/>
                <Baseline points="920,1380 1045,1384 1171,1386 1296,1388 1422,1390 1547,1390 1673,1390 1798,1389 1924,1388 2049,1386 2175,1382 2300,1380 2426,1376 2551,1374 2677,1370 2802,1366 2928,1362 3053,1358 3179,1354 3304,1350 3430,1346"/>
                <TextEquiv>
                    <Unicode>i Giganti, figliuoli detti di Caelo et dela Terra,huomini molto fieri, che sistettero da principio in Thessaglia</Unicode>
                </TextEquiv>
            </TextLine>
            <TextLine id="r1l11" custom="readingOrder {index:10;}">
                <Coords points="920,1504 1045,1506 1171,1508 1296,1508 1422,1510 1548,1510 1673,1508 1799,1508 1924,1506 2050,1504 2176,1502 2301,1500 2427,1498 2552,1494 2678,1492 2804,1488 2929,1484 3055,1480 3180,1477 3306,1472 3432,1468 3432,1401 3306,1405 3180,1410 3055,1413 2929,1417 2804,1421 2678,1425 2552,1427 2427,1431 2301,1433 2176,1435 2050,1437 1924,1439 1799,1441 1673,1441 1548,1443 1422,1443 1296,1441 1171,1441 1045,1439 920,1437"/>
                <Baseline points="920,1482 1045,1484 1171,1486 1296,1486 1422,1488 1548,1488 1673,1486 1799,1486 1924,1484 2050,1482 2176,1480 2301,1478 2427,1476 2552,1472 2678,1470 2804,1466 2929,1462 3055,1458 3180,1455 3306,1450 3432,1446"/>
                <TextEquiv>
                    <Unicode>d'indi, in Thracia, et in Aegypto et nelli Campani Ausoni, i quali furono combattuti, nei campi phlegraei</Unicode>
                </TextEquiv>
            </TextLine>
            <TextLine id="r1l12" custom="readingOrder {index:11;}">
                <Coords points="926,1595 1051,1597 1176,1599 1302,1601 1427,1601 1553,1601 1678,1601 1803,1599 1929,1597 2054,1595 2180,1593 2305,1591 2430,1587 2556,1585 2681,1582 2807,1579 2932,1577 3057,1573 3183,1571 3308,1569 3434,1567 3434,1503 3308,1505 3183,1507 3057,1509 2932,1513 2807,1515 2681,1518 2556,1521 2430,1523 2305,1527 2180,1529 2054,1531 1929,1533 1803,1535 1678,1537 1553,1537 1427,1537 1302,1537 1176,1535 1051,1533 926,1531"/>
                <Baseline points="926,1574 1051,1576 1176,1578 1302,1580 1427,1580 1553,1580 1678,1580 1803,1578 1929,1576 2054,1574 2180,1572 2305,1570 2430,1566 2556,1564 2681,1561 2807,1558 2932,1556 3057,1552 3183,1550 3308,1548 3434,1546"/>
                <TextEquiv>
                    <Unicode>di Thracia, di Thessaglia, d'Aegypto et nei campani: per che Iove della progenie di Saturno disceso da</Unicode>
                </TextEquiv>
            </TextLine>
            <TextLine id="r1l13" custom="readingOrder {index:12;}">
                <Coords points="932,1693 1057,1695 1182,1695 1307,1695 1432,1694 1558,1693 1683,1691 1808,1687 1933,1685 2058,1681 2184,1677 2309,1675 2434,1671 2559,1669 2684,1667 2810,1665 2935,1665 3060,1665 3185,1666 3310,1669 3436,1673 3436,1615 3310,1611 3185,1608 3060,1607 2935,1607 2810,1607 2684,1609 2559,1611 2434,1613 2309,1617 2184,1619 2058,1623 1933,1627 1808,1629 1683,1633 1558,1635 1432,1636 1307,1637 1182,1637 1057,1637 932,1635"/>
                <Baseline points="932,1674 1057,1676 1182,1676 1307,1676 1432,1675 1558,1674 1683,1672 1808,1668 1933,1666 2058,1662 2184,1658 2309,1656 2434,1652 2559,1650 2684,1648 2810,1646 2935,1646 3060,1646 3185,1647 3310,1650 3438,1651"/>
                <TextEquiv>
                    <Unicode>Caelo ciò è da Noè gli perseguito conli Fulmini conli suoi figliuoli. In Aegypto furono superati da Osiri,</Unicode>
                </TextEquiv>
            </TextLine>
            <TextLine id="r1l14" custom="readingOrder {index:13;}">
                <Coords points="936,1771 1061,1775 1187,1777 1313,1779 1439,1779 1565,1781 1690,1781 1816,1779 1942,1779 2068,1777 2194,1777 2319,1775 2445,1773 2571,1771 2697,1771 2823,1769 2948,1767 3074,1767 3200,1767 3326,1767 3452,1769 3452,1711 3326,1709 3200,1709 3074,1709 2948,1709 2823,1711 2697,1713 2571,1713 2445,1715 2319,1717 2194,1719 2068,1719 1942,1721 1816,1721 1690,1723 1565,1723 1439,1721 1313,1721 1187,1719 1061,1717 936,1713"/>
                <Baseline points="936,1752 1061,1756 1187,1758 1313,1760 1439,1760 1565,1762 1690,1762 1816,1760 1942,1760 2068,1758 2194,1758 2319,1756 2445,1754 2571,1752 2697,1752 2823,1750 2948,1748 3074,1748 3200,1748 3326,1748 3452,1750"/>
                <TextEquiv>
                    <Unicode>da Rhea, i quali furono chiamati in presidij perla guerra d'Italia, vennero in sussidio Osiris et Hammone,</Unicode>
                </TextEquiv>
            </TextLine>
            <TextLine id="r1l15" custom="readingOrder {index:14;}">
                <Coords points="914,1861 1041,1863 1169,1865 1296,1865 1424,1866 1552,1865 1679,1865 1807,1863 1934,1861 2062,1859 2190,1857 2317,1857 2445,1855 2572,1855 2700,1855 2828,1857 2955,1859 3083,1862 3210,1867 3338,1873 3466,1881 3466,1841 3338,1833 3210,1827 3083,1822 2955,1819 2828,1817 2700,1815 2572,1815 2445,1815 2317,1817 2190,1817 2062,1819 1934,1821 1807,1823 1679,1825 1552,1825 1424,1826 1296,1825 1169,1825 1041,1823 914,1821"/>
                <Baseline points="914,1848 1041,1850 1169,1852 1296,1852 1424,1853 1552,1852 1679,1852 1807,1850 1934,1848 2062,1846 2190,1844 2317,1844 2445,1842 2572,1842 2700,1842 2828,1844 2955,1846 3083,1849 3210,1854 3338,1860 3501,1873"/>
                <TextEquiv>
                    <Unicode>Hercole detto Oros Aegyptio figlioli di Iside et d'Osiri. Lo quale Hercole generò Ilea, Agathyrso, Tusco, Gelo¬</Unicode>
                </TextEquiv>
            </TextLine>
            <TextLine id="line_1639132644050_141" custom="readingOrder {index:15;}">
                <Coords points="924,1913 1051,1919 1179,1923 1307,1926 1434,1927 1817,1927 1885,1925 1885,1962 1817,1964 1434,1964 1307,1963 1179,1960 1051,1956 924,1950"/>
                <Baseline points="924,1938 1051,1944 1179,1948 1307,1951 1434,1952 1562,1952 1690,1952 1817,1952 1911,1953"/>
                <TextEquiv>
                    <Unicode>ne et Scytha: et Philimere Re de Gethi,</Unicode>
                </TextEquiv>
            </TextLine>
            <TextLine id="r1l16" custom="readingOrder {index:16;}">
                <Coords points="1900,1927 1925,1925 1951,1922 1976,1920 2002,1917 2002,1848 1976,1851 1951,1853 1925,1856 1900,1858"/>
                <Baseline points="1900,1904 1925,1902 1951,1899 1976,1897 2002,1894"/>
                <TextEquiv>
                    <Unicode>scythi</Unicode>
                </TextEquiv>
            </TextLine>
            <TextLine id="line_1639132644048_140" custom="readingOrder {index:17;}">
                <Coords points="1885,1925 1945,1925 2073,1923 2201,1921 2328,1919 2456,1919 2584,1917 2711,1917 2839,1919 2967,1921 3094,1925 3222,1930 3350,1937 3478,1947 3478,1984 3350,1974 3222,1967 3094,1962 2967,1958 2839,1956 2711,1954 2584,1954 2456,1956 2328,1956 2201,1958 2073,1960 1945,1962 1885,1962"/>
                <Baseline points="1937,1949 1945,1950 2073,1948 2201,1946 2328,1944 2456,1944 2584,1942 2711,1942 2839,1944 2967,1946 3094,1950 3222,1955 3350,1962 3478,1972"/>
                <TextEquiv>
                    <Unicode>Doppo i discesi dal detto Hercole furono quelli detti Arnij, Liburni,</Unicode>
                </TextEquiv>
            </TextLine>
            <TextLine id="r1l18" custom="readingOrder {index:18;}">
                <Coords points="924,2073 1052,2075 1180,2078 1308,2079 1436,2081 1564,2081 1692,2080 1820,2079 1948,2079 2076,2077 2204,2077 2332,2075 2460,2075 2588,2075 2716,2075 2844,2075 2972,2077 3100,2079 3228,2083 3356,2088 3484,2093 3484,2024 3356,2019 3228,2014 3100,2010 2972,2008 2844,2006 2716,2006 2588,2006 2460,2006 2332,2006 2204,2008 2076,2008 1948,2010 1820,2010 1692,2011 1564,2012 1436,2012 1308,2010 1180,2009 1052,2006 924,2004"/>
                <Baseline points="924,2050 1052,2052 1180,2055 1308,2056 1436,2058 1564,2058 1692,2057 1820,2056 1948,2056 2076,2054 2204,2054 2332,2052 2460,2052 2588,2052 2716,2052 2844,2052 2972,2054 3100,2056 3228,2060 3356,2065 3529,2091"/>
                <TextEquiv>
                    <Unicode>Musaonij nati da Tusco. Doppo la inundatione anni seicento trenta cinque, à questi succederono i Thessa¬</Unicode>
                </TextEquiv>
            </TextLine>
            <TextLine id="r1l19" custom="readingOrder {index:19;}">
                <Coords points="916,2197 1043,2196 1171,2195 1299,2193 1427,2192 1555,2191 1682,2189 1810,2187 1938,2183 2066,2181 2194,2180 2321,2179 2449,2177 2577,2175 2705,2175 2833,2175 2960,2175 3088,2177 3216,2179 3344,2181 3472,2185 3472,2116 3344,2112 3216,2110 3088,2108 2960,2106 2833,2106 2705,2106 2577,2106 2449,2108 2321,2110 2194,2111 2066,2112 1938,2114 1810,2118 1682,2120 1555,2122 1427,2123 1299,2124 1171,2126 1043,2127 916,2128"/>
                <Baseline points="916,2174 1043,2173 1171,2172 1299,2170 1427,2169 1555,2168 1682,2166 1810,2164 1938,2160 2066,2158 2194,2157 2321,2156 2449,2154 2577,2152 2705,2152 2833,2152 2960,2152 3088,2154 3216,2156 3344,2158 3472,2162"/>
                <TextEquiv>
                    <Unicode>li Pelasgi come di Strabone nel quinto libro che edificarono Ravenna. che fù l'anno seicento quaranta</Unicode>
                </TextEquiv>
            </TextLine>
            <TextLine id="r1l20" custom="readingOrder {index:20;}">
                <Coords points="936,2311 1061,2312 1187,2313 1313,2311 1439,2309 1565,2307 1690,2305 1816,2303 1942,2299 2068,2295 2194,2293 2319,2289 2445,2287 2571,2284 2697,2283 2823,2281 2948,2281 3074,2281 3200,2283 3326,2287 3452,2291 3452,2222 3326,2218 3200,2214 3074,2212 2948,2212 2823,2212 2697,2214 2571,2215 2445,2218 2319,2220 2194,2224 2068,2226 1942,2230 1816,2234 1690,2236 1565,2238 1439,2240 1313,2242 1187,2244 1061,2243 936,2242"/>
                <Baseline points="936,2288 1061,2289 1187,2290 1313,2288 1439,2286 1565,2284 1690,2282 1816,2280 1942,2276 2068,2272 2194,2270 2319,2266 2445,2264 2571,2261 2697,2260 2823,2258 2948,2258 3074,2258 3200,2260 3326,2264 3452,2268"/>
                <TextEquiv>
                    <Unicode>nanzi che fusse edificata Troia da Dardano: tanto tirano altamente la Ravennata edificatione. Altri sento</Unicode>
                </TextEquiv>
            </TextLine>
            <TextLine id="r1l21" custom="readingOrder {index:21;}">
                <Coords points="908,2401 1037,2405 1167,2409 1297,2411 1427,2411 1557,2411 1687,2409 1817,2407 1947,2405 2077,2403 2207,2400 2336,2397 2466,2395 2596,2393 2726,2393 2856,2391 2986,2392 3116,2393 3246,2396 3376,2400 3506,2407 3506,2338 3376,2331 3246,2327 3116,2324 2986,2323 2856,2322 2726,2324 2596,2324 2466,2326 2336,2328 2207,2331 2077,2334 1947,2336 1817,2338 1687,2340 1557,2342 1427,2342 1297,2342 1167,2340 1037,2336 908,2332"/>
                <Baseline points="908,2378 1037,2382 1167,2386 1297,2388 1427,2388 1557,2388 1687,2386 1817,2384 1947,2382 2077,2380 2207,2377 2336,2374 2466,2372 2596,2370 2726,2370 2856,2368 2986,2369 3116,2370 3246,2373 3376,2377 3506,2384"/>
                <TextEquiv>
                    <Unicode>d'oppenione, ditale antichità, affermano Ravenna essere edificata anni cento ottanta otto doppo lo incendio di </Unicode>
                </TextEquiv>
            </TextLine>
            <TextLine id="r1l22" custom="readingOrder {index:22;}">
                <Coords points="946,2517 1074,2519 1202,2519 1330,2519 1458,2519 1586,2517 1714,2515 1842,2513 1970,2511 2098,2509 2227,2505 2355,2503 2483,2502 2611,2501 2739,2501 2867,2501 2995,2501 3123,2503 3251,2507 3379,2511 3508,2517 3508,2448 3379,2442 3251,2438 3123,2434 2995,2432 2867,2432 2739,2432 2611,2432 2483,2433 2355,2434 2227,2436 2098,2440 1970,2442 1842,2444 1714,2446 1586,2448 1458,2450 1330,2450 1202,2450 1074,2450 946,2448"/>
                <Baseline points="946,2494 1074,2496 1202,2496 1330,2496 1458,2496 1586,2494 1714,2492 1842,2490 1970,2488 2098,2486 2227,2482 2355,2480 2483,2479 2611,2478 2739,2478 2867,2478 2995,2478 3123,2480 3251,2484 3379,2488 3508,2494"/>
                <TextEquiv>
                    <Unicode>Troia, ch'è tutto il contrario, onde non sò à chi me credere: et tanto più quanto diessi allegano Archiloco, che</Unicode>
                </TextEquiv>
            </TextLine>
            <TextLine id="r1l23" custom="readingOrder {index:23;}">
                <Coords points="928,2617 1058,2623 1188,2625 1318,2628 1448,2629 1578,2631 1708,2631 1838,2631 1968,2629 2098,2629 2229,2627 2359,2625 2489,2625 2619,2623 2749,2623 2879,2623 3009,2623 3139,2623 3269,2625 3399,2627 3530,2631 3530,2562 3399,2558 3269,2556 3139,2554 3009,2554 2879,2554 2749,2554 2619,2554 2489,2556 2359,2556 2229,2558 2098,2560 1968,2560 1838,2562 1708,2562 1578,2562 1448,2560 1318,2559 1188,2556 1058,2554 928,2548"/>
                <Baseline points="928,2594 1058,2600 1188,2602 1318,2605 1448,2606 1578,2608 1708,2608 1838,2608 1968,2606 2098,2606 2229,2604 2359,2602 2489,2602 2619,2600 2749,2600 2879,2600 3009,2600 3139,2600 3269,2602 3399,2604 3530,2608"/>
                <TextEquiv>
                    <Unicode>dice anni quattrocento ottantacinque. Et Manathone dice sei anni in nanzi alla primia olympiade, che cre¬</Unicode>
                </TextEquiv>
            </TextLine>
            <TextLine id="r1l24" custom="readingOrder {index:24;}">
                <Coords points="906,2727 1035,2732 1165,2735 1295,2737 1425,2739 1555,2739 1685,2739 1815,2739 1945,2738 2075,2737 2205,2735 2334,2733 2464,2731 2594,2729 2724,2727 2854,2726 2984,2725 3114,2725 3244,2725 3374,2725 3504,2727 3504,2658 3374,2656 3244,2656 3114,2656 2984,2656 2854,2657 2724,2658 2594,2660 2464,2662 2334,2664 2205,2666 2075,2668 1945,2669 1815,2670 1685,2670 1555,2670 1425,2670 1295,2668 1165,2666 1035,2663 906,2658"/>
                <Baseline points="906,2704 1035,2709 1165,2712 1295,2714 1425,2716 1555,2716 1685,2716 1815,2716 1945,2715 2075,2714 2205,2712 2334,2710 2464,2708 2594,2706 2724,2704 2854,2703 2984,2702 3114,2702 3244,2702 3374,2702 3504,2704"/>
                <TextEquiv>
                    <Unicode>di indubitatamente sia errato tal tempo, che sarebbe mille cinquecento trenta innanzi alla edificatione di</Unicode>
                </TextEquiv>
            </TextLine>
            <TextLine id="r1l25" custom="readingOrder {index:25;}">
                <Coords points="918,2827 1048,2827 1179,2827 1310,2827 1440,2827 1571,2827 1702,2825 1832,2825 1963,2823 2094,2823 2225,2822 2355,2821 2486,2821 2617,2819 2747,2819 2878,2819 3009,2819 3139,2819 3270,2819 3401,2819 3532,2821 3532,2752 3401,2750 3270,2750 3139,2750 3009,2750 2878,2750 2747,2750 2617,2750 2486,2752 2355,2752 2225,2753 2094,2754 1963,2754 1832,2756 1702,2756 1571,2758 1440,2758 1310,2758 1179,2758 1048,2758 918,2758"/>
                <Baseline points="918,2804 1048,2804 1179,2804 1310,2804 1440,2804 1571,2804 1702,2802 1832,2802 1963,2800 2094,2800 2225,2799 2355,2798 2486,2798 2617,2796 2747,2796 2878,2796 3009,2796 3139,2796 3270,2796 3401,2796 3532,2798"/>
                <TextEquiv>
                    <Unicode>Roma. Altri discorrono, e dicono, che Ravenna sia fatta l'anno l'anno mille cinquecento cinquantadue,in¬</Unicode>
                </TextEquiv>
            </TextLine>
            <TextLine id="r1l26" custom="readingOrder {index:26;}">
                <Coords points="920,2923 1049,2923 1178,2923 1308,2923 1437,2923 1567,2921 1696,2919 1825,2917 1955,2915 2084,2913 2214,2911 2343,2909 2472,2907 2602,2907 2731,2907 2861,2907 2990,2907 3119,2910 3249,2913 3378,2917 3508,2923 3508,2884 3378,2878 3249,2874 3119,2871 2990,2868 2861,2868 2731,2868 2602,2868 2472,2868 2343,2870 2214,2872 2084,2874 1955,2876 1825,2878 1696,2880 1567,2882 1437,2884 1308,2884 1178,2884 1049,2884 920,2884"/>
                <Baseline points="920,2910 1049,2910 1178,2910 1308,2910 1437,2910 1567,2908 1696,2906 1825,2904 1955,2902 2084,2900 2214,2898 2343,2896 2472,2894 2602,2894 2731,2894 2861,2894 2990,2894 3119,2897 3249,2900 3378,2904 3508,2910"/>
                <TextEquiv>
                    <Unicode>nanzi al parto di Maria Vergine del nostro Dio Salvatore, che seria l'anno due mila trecento quattro doppo</Unicode>
                </TextEquiv>
            </TextLine>
            <TextLine id="line_1639133681264_198" custom="readingOrder {index:27;}">
                <Coords points="922,2984 1050,2984 1178,2986 1306,2985 1434,2984 1562,2984 1690,2982 1818,2982 1946,2980 2074,2980 2203,2978 2331,2976 2459,2976 2587,2974 3227,2974 3271,2974 3271,3004 3227,3004 2587,3004 2459,3006 2331,3006 2203,3008 2074,3010 1946,3010 1818,3012 1690,3012 1562,3014 1434,3014 1306,3015 1178,3016 1050,3014 922,3014"/>
                <Baseline points="922,3004 1050,3004 1178,3006 1306,3005 1434,3004 1562,3004 1690,3002 1818,3002 1946,3000 2074,3000 2203,2998 2331,2996 2459,2996 2587,2994 2715,2994 2843,2994 2971,2994 3099,2994 3227,2994 3271,2994"/>
                <TextEquiv>
                    <Unicode>il Dilluvio. seli synchronismi non errano. Et Philone dice anni duemillia dugento novanta sei </Unicode>
                </TextEquiv>
            </TextLine>
            <TextLine id="r1l27" custom="readingOrder {index:28;}">
                <Coords points="3270,2965 3295,2967 3320,2968 3345,2969 3370,2970 3395,2971 3420,2972 3446,2973 3446,2934 3420,2933 3395,2932 3370,2931 3345,2930 3320,2929 3295,2928 3270,2926"/>
                <Baseline points="3270,2952 3295,2954 3320,2955 3345,2956 3370,2957 3395,2958 3420,2959 3446,2960"/>
                <TextEquiv>
                    <Unicode>del mondo</Unicode>
                </TextEquiv>
            </TextLine>
            <TextLine id="line_1639133681264_197" custom="readingOrder {index:29;}">
                <Coords points="3271,2974 3355,2976 3484,2978 3484,3008 3355,3006 3271,3004"/>
                <Baseline points="3296,3000 3355,2996 3484,2998"/>
                <TextEquiv>
                    <Unicode>come si</Unicode>
                </TextEquiv>
            </TextLine>
            <TextLine id="r1l29" custom="readingOrder {index:30;}">
                <Coords points="918,3133 1048,3135 1178,3135 1309,3135 1439,3135 1570,3133 1700,3131 1830,3129 1961,3127 2091,3125 2222,3123 2352,3121 2482,3119 2613,3117 2743,3117 2874,3115 3004,3117 3134,3117 3265,3119 3395,3123 3526,3127 3526,3058 3395,3054 3265,3050 3134,3048 3004,3048 2874,3046 2743,3048 2613,3048 2482,3050 2352,3052 2222,3054 2091,3056 1961,3058 1830,3060 1700,3062 1570,3064 1439,3066 1309,3066 1178,3066 1048,3066 918,3064"/>
                <Baseline points="918,3110 1048,3112 1178,3112 1309,3112 1439,3112 1570,3110 1700,3108 1830,3106 1961,3104 2091,3102 2222,3100 2352,3098 2482,3096 2613,3094 2743,3094 2874,3092 3004,3094 3134,3094 3265,3096 3395,3100 3526,3104"/>
                <TextEquiv>
                    <Unicode>ritrahe da Eusebio nella chronica. Incui Ioanne Lucido, et Ioanne Pico della Mirandola, ne discorreno se¬</Unicode>
                </TextEquiv>
            </TextLine>
            <TextLine id="r1l30" custom="readingOrder {index:31;}">
                <Coords points="920,3229 1048,3233 1176,3235 1305,3237 1433,3237 1562,3237 1690,3235 1818,3233 1947,3229 2075,3227 2204,3223 2332,3220 2460,3217 2589,3215 2717,3213 2846,3211 2974,3209 3102,3209 3231,3211 3359,3213 3488,3217 3488,3148 3359,3144 3231,3142 3102,3140 2974,3140 2846,3142 2717,3144 2589,3146 2460,3148 2332,3151 2204,3154 2075,3158 1947,3160 1818,3164 1690,3166 1562,3168 1433,3168 1305,3168 1176,3166 1048,3164 920,3160"/>
                <Baseline points="920,3206 1048,3210 1176,3212 1305,3214 1433,3214 1562,3214 1690,3212 1818,3210 1947,3206 2075,3204 2204,3200 2332,3197 2460,3194 2589,3192 2717,3190 2846,3188 2974,3186 3102,3186 3231,3188 3359,3190 3488,3194"/>
                <TextEquiv>
                    <Unicode>guitando la oppenione di Niceta greco scrittore. et cosi Paulo Orosio, il Beda, et il grande Alphonso Re di</Unicode>
                </TextEquiv>
            </TextLine>
            <TextLine id="r1l31" custom="readingOrder {index:32;}">
                <Coords points="926,3333 1055,3338 1184,3341 1313,3341 1443,3341 1572,3341 1701,3338 1831,3335 1960,3333 2089,3329 2219,3325 2348,3321 2477,3317 2606,3315 2736,3311 2865,3309 2994,3307 3124,3307 3253,3308 3382,3310 3512,3313 3512,3244 3382,3241 3253,3239 3124,3238 2994,3238 2865,3240 2736,3242 2606,3246 2477,3248 2348,3252 2219,3256 2089,3260 1960,3264 1831,3266 1701,3269 1572,3272 1443,3272 1313,3272 1184,3272 1055,3269 926,3264"/>
                <Baseline points="926,3310 1055,3315 1184,3318 1313,3318 1443,3318 1572,3318 1701,3315 1831,3312 1960,3310 2089,3306 2219,3302 2348,3298 2477,3294 2606,3292 2736,3288 2865,3286 2994,3284 3124,3284 3253,3285 3382,3287 3512,3290"/>
                <TextEquiv>
                    <Unicode>Hispania: ma tutti con diverse discordantie, trattano le loro historie: Come fà Ricobaldo che conferma essere</Unicode>
                </TextEquiv>
            </TextLine>
            <TextLine id="r1l32" custom="readingOrder {index:33;}">
                <Coords points="912,3455 1043,3457 1174,3457 1305,3457 1437,3455 1568,3455 1699,3453 1831,3451 1962,3447 2093,3445 2225,3441 2356,3439 2487,3435 2618,3431 2750,3427 2881,3423 3012,3421 3144,3418 3275,3415 3406,3411 3538,3409 3538,3340 3406,3342 3275,3346 3144,3349 3012,3352 2881,3354 2750,3358 2618,3362 2487,3366 2356,3370 2225,3372 2093,3376 1962,3378 1831,3382 1699,3384 1568,3386 1437,3386 1305,3388 1174,3388 1043,3388 912,3386"/>
                <Baseline points="912,3432 1043,3434 1174,3434 1305,3434 1437,3432 1568,3432 1699,3430 1831,3428 1962,3424 2093,3422 2225,3418 2356,3416 2487,3412 2618,3408 2750,3404 2881,3400 3012,3398 3144,3395 3275,3392 3406,3388 3538,3386"/>
                <TextEquiv>
                    <Unicode>Ravenna fatta dall'Hebrei. Altri discorso, che i Pelasgi fussero i primi. Confermano che Spina et Ravenna</Unicode>
                </TextEquiv>
            </TextLine>
            <TextLine id="r1l33" custom="readingOrder {index:34;}">
                <Coords points="922,3557 1051,3559 1180,3561 1309,3561 1439,3559 1568,3557 1697,3555 1827,3553 1956,3549 2085,3545 2215,3541 2344,3538 2473,3534 2602,3531 2732,3527 2861,3525 2990,3523 3120,3523 3249,3523 3378,3523 3508,3525 3508,3456 3378,3454 3249,3454 3120,3454 2990,3454 2861,3456 2732,3458 2602,3462 2473,3465 2344,3469 2215,3472 2085,3476 1956,3480 1827,3484 1697,3486 1568,3488 1439,3490 1309,3492 1180,3492 1051,3490 922,3488"/>
                <Baseline points="922,3534 1051,3536 1180,3538 1309,3538 1439,3536 1568,3534 1697,3532 1827,3530 1956,3526 2085,3522 2215,3518 2344,3515 2473,3511 2602,3508 2732,3504 2861,3502 2990,3500 3120,3500 3249,3500 3378,3500 3508,3502"/>
                <TextEquiv>
                    <Unicode>essere impiedi già nell'anno ottocento trentasette nel tempo di Athyde Tyrrheno venuti dalla Maeonia.</Unicode>
                </TextEquiv>
            </TextLine>
            <TextLine id="r1l34" custom="readingOrder {index:35;}">
                <Coords points="932,3665 1060,3663 1189,3661 1318,3659 1447,3657 1576,3655 1705,3653 1834,3653 1963,3651 2092,3651 2221,3649 2349,3649 2478,3649 2607,3647 2736,3647 2865,3645 2994,3645 3123,3643 3252,3643 3381,3641 3510,3639 3510,3570 3381,3572 3252,3574 3123,3574 2994,3576 2865,3576 2736,3578 2607,3578 2478,3580 2349,3580 2221,3580 2092,3582 1963,3582 1834,3584 1705,3584 1576,3586 1447,3588 1318,3590 1189,3592 1060,3594 932,3596"/>
                <Baseline points="932,3642 1060,3640 1189,3638 1318,3636 1447,3634 1576,3632 1705,3630 1834,3630 1963,3628 2092,3628 2221,3626 2349,3626 2478,3626 2607,3624 2736,3624 2865,3622 2994,3622 3123,3620 3252,3620 3381,3618 3510,3616"/>
                <TextEquiv>
                    <Unicode>Regione di Lydia, et fui dalui nova colonia fabricata, quando in Tuscia fecero Agylla Caere. et essi Tyrrheni</Unicode>
                </TextEquiv>
            </TextLine>
            <TextLine id="r1l35" custom="readingOrder {index:36;}">
                <Coords points="918,3761 1049,3763 1181,3765 1312,3765 1444,3765 1576,3763 1707,3761 1839,3759 1970,3758 2102,3755 2234,3753 2365,3751 2497,3749 2628,3749 2760,3749 2892,3749 3023,3749 3155,3751 3286,3753 3418,3758 3550,3763 3550,3694 3418,3689 3286,3684 3155,3682 3023,3680 2892,3680 2760,3680 2628,3680 2497,3680 2365,3682 2234,3684 2102,3686 1970,3689 1839,3690 1707,3692 1576,3694 1444,3696 1312,3696 1181,3696 1049,3694 918,3692"/>
                <Baseline points="918,3738 1049,3740 1181,3742 1312,3742 1444,3742 1576,3740 1707,3738 1839,3736 1970,3735 2102,3732 2234,3730 2365,3728 2497,3726 2628,3726 2760,3726 2892,3726 3023,3726 3155,3728 3286,3730 3418,3735 3550,3740"/>
                <TextEquiv>
                    <Unicode>et pelasgi anchora con grave molestia passarono nell'Umbria.⁓ et in Ravenna. Altri affermano, che i Lacedento¬</Unicode>
                </TextEquiv>
            </TextLine>
            <TextLine id="r1l36" custom="readingOrder {index:37;}">
                <Coords points="936,3881 1065,3881 1195,3881 1325,3881 1455,3881 1585,3879 1714,3877 1844,3875 1974,3873 2104,3871 2234,3869 2363,3865 2493,3863 2623,3861 2753,3859 2883,3857 3012,3855 3142,3855 3272,3855 3402,3855 3532,3855 3532,3786 3402,3786 3272,3786 3142,3786 3012,3786 2883,3788 2753,3790 2623,3792 2493,3794 2363,3796 2234,3800 2104,3802 1974,3804 1844,3806 1714,3808 1585,3810 1455,3812 1325,3812 1195,3812 1065,3812 936,3812"/>
                <Baseline points="936,3858 1065,3858 1195,3858 1325,3858 1455,3858 1585,3856 1714,3854 1844,3852 1974,3850 2104,3848 2234,3846 2363,3842 2493,3840 2623,3838 2753,3836 2883,3834 3012,3832 3142,3832 3272,3832 3402,3832 3532,3832"/>
                <TextEquiv>
                    <Unicode>nij venuti con pelasgi in Italia tragli Aborigini, et cacciati d'indi da Sabini Fecero Ravenna cavandone</Unicode>
                </TextEquiv>
            </TextLine>
            <TextLine id="r1l37" custom="readingOrder {index:38;}">
                <Coords points="924,3987 1054,3987 1185,3987 1316,3985 1446,3985 1577,3983 1708,3983 1838,3981 1969,3979 2100,3979 2231,3977 2361,3975 2492,3973 2623,3971 2753,3969 2884,3969 3015,3967 3145,3965 3276,3963 3407,3961 3538,3959 3538,3890 3407,3892 3276,3894 3145,3896 3015,3898 2884,3900 2753,3900 2623,3902 2492,3904 2361,3906 2231,3908 2100,3910 1969,3910 1838,3912 1708,3914 1577,3914 1446,3916 1316,3916 1185,3918 1054,3918 924,3918"/>
                <Baseline points="924,3964 1054,3964 1185,3964 1316,3962 1446,3962 1577,3960 1708,3960 1838,3958 1969,3956 2100,3956 2231,3954 2361,3952 2492,3950 2623,3948 2753,3946 2884,3946 3015,3944 3145,3942 3276,3940 3407,3938 3538,3936"/>
                <TextEquiv>
                    <Unicode>i Thessali che vi trovarono de pelasgi, quando intalhor'furono dedutte altre colonie, come fù Camerto, Sena,</Unicode>
                </TextEquiv>
            </TextLine>
            <TextLine id="r1l38" custom="readingOrder {index:39;}">
                <Coords points="904,4087 1035,4087 1167,4089 1299,4089 1430,4087 1562,4087 1694,4085 1825,4085 1957,4082 2089,4080 2221,4078 2352,4077 2484,4075 2616,4073 2747,4071 2879,4071 3011,4071 3142,4071 3274,4071 3406,4073 3538,4075 3538,4006 3406,4004 3274,4002 3142,4002 3011,4002 2879,4002 2747,4002 2616,4004 2484,4006 2352,4008 2221,4009 2089,4011 1957,4013 1825,4016 1694,4016 1562,4018 1430,4018 1299,4020 1167,4020 1035,4018 904,4018"/>
                <Baseline points="904,4064 1035,4064 1167,4066 1299,4066 1430,4064 1562,4064 1694,4062 1825,4062 1957,4059 2089,4057 2221,4055 2352,4054 2484,4052 2616,4050 2747,4048 2879,4048 3011,4048 3142,4048 3274,4048 3406,4050 3538,4052"/>
                <TextEquiv>
                    <Unicode>Arimino, S'assina, che sono nel luogo loro, chiamate dal vulgo Camarsio Senegaglia, Rimino et Sarsina, cosi da</Unicode>
                </TextEquiv>
            </TextLine>
            <TextLine id="r1l39" custom="readingOrder {index:40;}">
                <Coords points="936,4189 1064,4187 1192,4185 1320,4183 1448,4181 1576,4179 1704,4179 1832,4177 1960,4177 2088,4177 2216,4175 2344,4175 2472,4175 2600,4175 2728,4173 2856,4173 2984,4173 3112,4171 3240,4171 3368,4169 3496,4167 3496,4098 3368,4100 3240,4102 3112,4102 2984,4104 2856,4104 2728,4104 2600,4106 2472,4106 2344,4106 2216,4106 2088,4108 1960,4108 1832,4108 1704,4110 1576,4110 1448,4112 1320,4114 1192,4116 1064,4118 936,4120"/>
                <Baseline points="936,4166 1064,4164 1192,4162 1320,4160 1448,4158 1576,4156 1704,4156 1832,4154 1960,4154 2088,4154 2216,4152 2344,4152 2472,4152 2600,4152 2728,4150 2856,4150 2984,4150 3112,4148 3240,4148 3368,4146 3496,4144"/>
                <TextEquiv>
                    <Unicode>moderne voci appellate. Hora havendo detto assai delli diversi oppenioni d'alcuni scrittori: ci pare</Unicode>
                </TextEquiv>
            </TextLine>
            <TextLine id="r1l40" custom="readingOrder {index:41;}">
                <Coords points="926,4295 1057,4299 1188,4301 1320,4303 1451,4303 1583,4302 1714,4301 1845,4299 1977,4297 2108,4293 2240,4291 2371,4287 2502,4285 2634,4283 2765,4281 2897,4279 3028,4279 3159,4279 3291,4279 3422,4281 3554,4285 3554,4228 3422,4224 3291,4222 3159,4222 3028,4222 2897,4222 2765,4224 2634,4226 2502,4228 2371,4230 2240,4234 2108,4236 1977,4240 1845,4242 1714,4244 1583,4245 1451,4246 1320,4246 1188,4244 1057,4242 926,4238"/>
                <Baseline points="926,4276 1057,4280 1188,4282 1320,4284 1451,4284 1583,4283 1714,4282 1845,4280 1977,4278 2108,4274 2240,4272 2371,4268 2502,4266 2634,4264 2765,4262 2897,4260 3028,4260 3159,4260 3291,4260 3422,4262 3554,4266"/>
                <TextEquiv>
                    <Unicode>necessariamente, di mettere l'auttorita megliori, che si conservano in Stephano nella sua Onomastica. et voglio</Unicode>
                </TextEquiv>
            </TextLine>
            <TextLine id="r1l41" custom="readingOrder {index:42;}">
                <Coords points="928,4381 1059,4383 1190,4383 1321,4381 1453,4381 1584,4379 1715,4377 1847,4375 1978,4373 2109,4371 2241,4369 2372,4367 2503,4365 2634,4365 2766,4363 2897,4365 3028,4365 3160,4367 3291,4370 3422,4375 3554,4379 3554,4322 3422,4318 3291,4313 3160,4310 3028,4308 2897,4308 2766,4306 2634,4308 2503,4308 2372,4310 2241,4312 2109,4314 1978,4316 1847,4318 1715,4320 1584,4322 1453,4324 1321,4324 1190,4326 1059,4326 928,4324"/>
                <Baseline points="928,4362 1059,4364 1190,4364 1321,4362 1453,4362 1584,4360 1715,4358 1847,4356 1978,4354 2109,4352 2241,4350 2372,4348 2503,4346 2634,4346 2766,4344 2897,4346 3028,4346 3160,4348 3291,4351 3422,4356 3549,4360"/>
                <TextEquiv>
                    <Unicode>no, che quando Ravenna era fatta erano anchora queste colonie. Feronia al Monte Sorapte. Agylla dove hora è Cer¬</Unicode>
                </TextEquiv>
            </TextLine>
            <TextLine id="r1l42" custom="readingOrder {index:43;}">
                <Coords points="924,4483 1053,4483 1183,4481 1312,4481 1442,4479 1571,4477 1701,4475 1830,4475 1960,4473 2089,4471 2219,4469 2348,4467 2478,4467 2607,4465 2737,4464 2866,4463 2996,4463 3125,4463 3255,4463 3384,4463 3514,4463 3514,4394 3384,4394 3255,4394 3125,4394 2996,4394 2866,4394 2737,4395 2607,4396 2478,4398 2348,4398 2219,4400 2089,4402 1960,4404 1830,4406 1701,4406 1571,4408 1442,4410 1312,4412 1183,4412 1053,4414 924,4414"/>
                <Baseline points="924,4460 1053,4460 1183,4458 1312,4458 1442,4456 1571,4454 1701,4452 1830,4452 1960,4450 2089,4448 2219,4446 2348,4444 2478,4444 2607,4442 2737,4441 2866,4440 2996,4440 3125,4440 3255,4440 3384,4440 3514,4440"/>
                <TextEquiv>
                    <Unicode>veteri castello. pyrgo ove hora è corneto, Gravisco, Luca, Pisa sula marina Tyrrhena la pui parte, et</Unicode>
                </TextEquiv>
            </TextLine>
            <TextLine id="r1l43" custom="readingOrder {index:44;} unclear {offset:81; length:5;}">
                <Coords points="902,4581 1034,4583 1167,4585 1300,4585 1432,4585 1565,4583 1698,4582 1830,4581 1963,4579 2096,4577 2229,4575 2361,4573 2494,4571 2627,4569 2759,4567 2892,4567 3025,4567 3157,4567 3290,4569 3423,4571 3556,4575 3556,4506 3423,4502 3290,4500 3157,4498 3025,4498 2892,4498 2759,4498 2627,4500 2494,4502 2361,4504 2229,4506 2096,4508 1963,4510 1830,4512 1698,4513 1565,4514 1432,4516 1300,4516 1167,4516 1034,4514 902,4512"/>
                <Baseline points="902,4558 1034,4560 1167,4562 1300,4562 1432,4562 1565,4560 1698,4559 1830,4558 1963,4556 2096,4554 2229,4552 2361,4550 2494,4548 2627,4546 2759,4544 2892,4544 3025,4544 3157,4544 3290,4546 3423,4548 3556,4552"/>
                <TextEquiv>
                    <Unicode>Ravenna sui Adriatico, Con Cyme et Spina. Stephano dunque senza altro ò tempo, ò state puramente par</Unicode>
                </TextEquiv>
            </TextLine>
            <TextEquiv>
                <Unicode>da Romani, la quale Gallia da Ravenna a Felsina Bonomia, à Regio et Mutina si stende intra il fiume Heridano pa¬
do, chel vulgo hora lo dice Pò, Da phaethonte nacque Lygur, et da Lygur nacque Cygno, che i greci vogliono, che
Liguro diede nome alla Liguria, Phaethonte s'annego nelle palude padane et così Lygur che cercandolo si
soffogò onde i poeti, per honorarlo fingono cascato Phaetonte dal carro del sole, fulminato: et dalla cui favola lo
Eridano viene honorato come narrano Plinio, Ovidio et Virgilio. Cygno doppo Liguro regnando in Ligu¬
ria cercando phaetonte nell'Eridano somerso finsero essere mutato in Cygno. l'Galli Cenomani passati
nella Transpadana con Cenomano loro signore, habitarono i confini de Venetiani. et questi passarono in
successione di tempo insino all'Istro fiume nell'anno seicento doppo il Dilluvio: Unaltra oppenione greca si
trova. Che nel Tempo che si è detto di Noe Iano ò Iaccho, et di nepoti, succederono nelhumana generatione
i Giganti, figliuoli detti di Caelo et dela Terra,huomini molto fieri, che sistettero da principio in Thessaglia
d'indi, in Thracia, et in Aegypto et nelli Campani Ausoni, i quali furono combattuti, nei campi phlegraei
di Thracia, di Thessaglia, d'Aegypto et nei campani: per che Iove della progenie di Saturno disceso da
Caelo ciò è da Noè gli perseguito conli Fulmini conli suoi figliuoli. In Aegypto furono superati da Osiri,
da Rhea, i quali furono chiamati in presidij perla guerra d'Italia, vennero in sussidio Osiris et Hammone,
Hercole detto Oros Aegyptio figlioli di Iside et d'Osiri. Lo quale Hercole generò Ilea, Agathyrso, Tusco, Gelo¬
ne et Scytha: et Philimere Re de Gethi,
scythi
Doppo i discesi dal detto Hercole furono quelli detti Arnij, Liburni,
Musaonij nati da Tusco. Doppo la inundatione anni seicento trenta cinque, à questi succederono i Thessa¬
li Pelasgi come di Strabone nel quinto libro che edificarono Ravenna. che fù l'anno seicento quaranta
nanzi che fusse edificata Troia da Dardano: tanto tirano altamente la Ravennata edificatione. Altri sento
d'oppenione, ditale antichità, affermano Ravenna essere edificata anni cento ottanta otto doppo lo incendio di 
Troia, ch'è tutto il contrario, onde non sò à chi me credere: et tanto più quanto diessi allegano Archiloco, che
dice anni quattrocento ottantacinque. Et Manathone dice sei anni in nanzi alla primia olympiade, che cre¬
di indubitatamente sia errato tal tempo, che sarebbe mille cinquecento trenta innanzi alla edificatione di
Roma. Altri discorrono, e dicono, che Ravenna sia fatta l'anno l'anno mille cinquecento cinquantadue,in¬
nanzi al parto di Maria Vergine del nostro Dio Salvatore, che seria l'anno due mila trecento quattro doppo
il Dilluvio. seli synchronismi non errano. Et Philone dice anni duemillia dugento novanta sei 
del mondo
come si
ritrahe da Eusebio nella chronica. Incui Ioanne Lucido, et Ioanne Pico della Mirandola, ne discorreno se¬
guitando la oppenione di Niceta greco scrittore. et cosi Paulo Orosio, il Beda, et il grande Alphonso Re di
Hispania: ma tutti con diverse discordantie, trattano le loro historie: Come fà Ricobaldo che conferma essere
Ravenna fatta dall'Hebrei. Altri discorso, che i Pelasgi fussero i primi. Confermano che Spina et Ravenna
essere impiedi già nell'anno ottocento trentasette nel tempo di Athyde Tyrrheno venuti dalla Maeonia.
Regione di Lydia, et fui dalui nova colonia fabricata, quando in Tuscia fecero Agylla Caere. et essi Tyrrheni
et pelasgi anchora con grave molestia passarono nell'Umbria.⁓ et in Ravenna. Altri affermano, che i Lacedento¬
nij venuti con pelasgi in Italia tragli Aborigini, et cacciati d'indi da Sabini Fecero Ravenna cavandone
i Thessali che vi trovarono de pelasgi, quando intalhor'furono dedutte altre colonie, come fù Camerto, Sena,
Arimino, S'assina, che sono nel luogo loro, chiamate dal vulgo Camarsio Senegaglia, Rimino et Sarsina, cosi da
moderne voci appellate. Hora havendo detto assai delli diversi oppenioni d'alcuni scrittori: ci pare
necessariamente, di mettere l'auttorita megliori, che si conservano in Stephano nella sua Onomastica. et voglio
no, che quando Ravenna era fatta erano anchora queste colonie. Feronia al Monte Sorapte. Agylla dove hora è Cer¬
veteri castello. pyrgo ove hora è corneto, Gravisco, Luca, Pisa sula marina Tyrrhena la pui parte, et
Ravenna sui Adriatico, Con Cyme et Spina. Stephano dunque senza altro ò tempo, ò state puramente par</Unicode>
            </TextEquiv>
        </TextRegion>
    </Page>
</PcGts>
