3800 5255
2997 198 3133 256 45
3131 282 3251 340 42
452 367 2914 448 inGrecia nella patria, di non havere ad'essere tenute come schiave, ò con dispreggio: quelle navi abbrucia¬
448 463 2918 544 rono: et cosi vi restarono dove fu fatta la citta. Ma Callia che i fatti di Agathocle scrisse dice che
442 559 2928 651 una certa Roma Troiana, venuta insieme con altri Troiani in Italia, essere à Latino Re di quel
436 655 2916 755 li populi Aborigini maritata, et da lei esser nati duoi figliuoli, Romolo et Remo, che edificando
446 761 2900 853 la città, haverla dala madre Roma nominata. Xenagora historico etiandio cittato da Dio¬
434 859 2900 961 nysio, dice da Ulysse, et da Circe esser nati tre figliuoli, Romo, Antio, et Ardeo, i quali tre citta
426 965 2900 1069 di latini edificarono, et da i nomi loro l'appellarono. che secondo Plutarcho Cheroneo che fu molto
446 1075 2924 1171 doppo Dionysio, par che dica della istessa oppenione, et dice che esse tre citta sono propinque et sul Ma
438 1186 2904 1284 re, cio è Roma, Ardea, et Antio: Ma Antio come è il vero è sul Mare, Ardea quattro miglia disco
438 1276 2900 1400 Roma, sedicimila passi. Ma Dionysio Calcidense, è vario dallo Alicarnasseo. Dicendo egli Romo
432 1407 2908 1509 esser stato dela città condito reilfigliuolo di Ascanio, altri nato di Amathione, et sono stati di quelli
436 1525 2874 1613 che scrissero edificata da Romo Italo: di cui et di Leucha figliuola di Latino fu madre di esso.
442 1621 2896 1721 questi auttori addunque narrando tale origine dissero senza distinguere il tempo da Roma, à Romolo,
432 1723 2910 1823 et à Remo. figliuolo di Aenea, come disse Antiocho, Altri reportarono la cosa dala figliuola de la
428 1827 2894 1927 figlia di Aenea: esser nati Romolo e Remo, et quelli esser dati per ostagi dal Avo al Re Latino nella
424 1923 2894 2049 arrivata d'essi Troiani in Italia: et doppo la morte di Aenea essere rimasti per rata portione signo¬
424 2033 2896 2149 ri del Regno latino. Altri dissero. Ascanio fratello di essi figliuolo di Aenea et di Lavinia, doppola morte
422 2137 2936 2263 del padre loro Aenea. havere preso tutto il Regno di Latino, et tutt'ol paese insieme conli fratelli Ro¬
432 2279 2894 2373 molo et Remo, diviso intre parti il stato. Lui in Alba longa pose la sua sedia, et l'altri castelli have¬
424 2389 2902 2493 re tirati sotto dise, ch'erano attorno havere ancho edificati. Ma Romolo fece Capoa, chiamandola da
422 2505 2914 2603 Capi suo Bisaulo: et fece Anchista, denominandola dall'Avolo Anchise, et fece nel Vaticano Ae
424 2617 2908 2725 nea, che poscia fù chiamata Ianicolo: et Roma denominarono da Romolo, et questi luoghi in untem
400 2745 2908 2833 po essere stati diserti: ma sopravenendovi nuovi habitatori dagli Albani nel palatino mandati
400 2866 2904 2942 per loro guida Romolo et Remo, disceso dala stirpe di Ascanio, unaltra volta havere ripreso et con
400 2960 2892 3058 fermato il nome di Roma: di maniera che venne Roma ad 'essere piu volte edificata. L'una doppo
414 3061 2884 3163 poco alle cose Troiane, et l'altra quindici etadi doppo la prima. et chi ricerchera troverà una
422 3172 2896 3270 terza Roma fatta molto più antica. Ma Antioche Syracosanodice, che Regnando Murgete inIta
418 3270 2902 3392 lia. da Taranto insino alla Marina di possidonia, che hoggi di si chiama lo piesto, venne à lui un'
406 3359 2914 3483 certo huomo scacciato da Roma, essendo allhora Italo divenuto vecchio, nel Regno di Murgete, ven¬
410 3460 2894 3568 ne à lui un partito di Roma. Chiamato Siculo, ove hebbe il ricetto. Cosi adunque chi confronta il
418 3558 2894 3646 tempo che Regnava Murgete et Italo, à quello della venuta di Aenea in variata di molte decene
406 3645 2898 3737 di anni, et pria che Aenea venisse Roma havea acquistato gia il nome; onde conviene cheessa havesse piu
396 3743 2908 3833 antica origine, et da altri che dala progenie di Troiani: et eglie benvero che da essa prole replicatamente
406 3849 2892 3937 rifatta colonia et ringrandita et rinovata. Et Thimeo Siculo dice, che Roma fu edificata, nel medesimo
392 3958 2910 4049 tempo, che fu posta Carthagene, trenta otto anni innanzi alla prima olympiade. Et Virgilio dice che Cartha
384 4067 2896 4146 gine fu fatta dala phirnissa Didona, nel tempo che Aenea profugo, fuggiva dala rovina di Troia, et
378 4163 2878 4244 dali descendenti di Aenea prima fu edificata Roma. Ma di questo tempo niuno si concorda insieme. Impero¬
