3800 5255
1108 303 3546 506 nel sinistro braccio tiene una Targa ò scudo, col timone alzato colla ruota dritta sotto l' piede, è conla
1117 433 3536 642 destra mano ha un'hasta che pare che à furor'muova quella cio è la vibra. Il simbulo dela Fortuna don
1143 554 3556 716 nesca detta Muliebre, è Feminile Virile, la ornarono dela Toga et Tunica Succinta, colla cintura ò cesto
1130 646 3509 806 di Venere lavorata di varij fiori, et tiene i vezzi al collo, colla mano destra il Naspo, colla sinistra il Timo
1128 724 3504 886 ne ò gobernacolo di Nave, con bei capelli intricciati pendenti sule spalle, con un piede sopra una palla
1125 854 3511 988 ch'è il suo sasso difficile ch'ella muove nell'humana vita. Quella che schiettamente chiamarono Virile
1115 958 3518 1101 ha il viso di un formoso et vago Giovane, colli capelli ricci davanti et didietro assai longhi, vestita di
1125 1019 3516 1183 Toga et di Tunica non molto longha; colla man'destra regge una palla, colla sinistra un hasta colla
1110 1167 3502 1341 ruota allato, con le mammelle rilevate et alte à guisa di Donna. La Fortuna Loguace, ò parlatrice
1115 1282 3475 1427 et faconda, hanno fatta colla bocca aperta, colli capelli acconci intrecciati in modo che gli cuopreno
1125 1379 3517 1546 gli Orecchi; or nata nel corpo di sottilissimi et minuti veli, con un mantello sopra di falde pure, et
1093 1502 3517 1624 grosse. Col caduceo di Mercurco mostra accennare, et colla mano sinistra tiene il Timone con una
1098 1623 3498 1735 lima, hale ali sugli homeri, et una palla sotto depiedi. Fortuna Regina, cio è quella deli Re, colla
1110 1735 3458 1853 mano sinistra ha il Timone col Ramo di olivo, colla palla sotto il Timone istesso, conla destra porge tre
1111 1832 3497 1966 corone, l'una Rostrata, l'altra Vallare, la terza è d'una Benda, cio è fascia che viendetta Diademata et Mit¬
1111 1934 3485 2073 hra: con alcune stelle sula cima del Fronte, vestita disotto di Tunica, et di sopra di un paludamento Mili¬
1100 2052 3495 2195 tare. La Equestre, Forsfortuna, che fuadorata in Roma presso il Circo Flaminio, et in Antio città di Volsci,
1086 2172 3480 2287 colla destra mano Frena un cavallo, è conla sinistra ha un Timone appoggiato su una palla. Altri lhanno
1091 2270 3498 2413 fatta informa di due Donne collegate insieme. Altri lhanno fatta accavallo, coltimone inbraccio. Havea
1096 2382 3466 2523 quella fortuna detta Fidele, ò Fidelis. et Prospera, et Victrice. qual dipignevano colla destra mano con una
1101 2473 3478 2623 Vittoria che porge una corona, conla sinistra il Freno dela Nave della mondana Vita, et col piededestro po¬
1081 2565 3458 2719 sato sopra il Mondo, et assedere, conla spada cinta è vestita di clamide. quella che dicono Tranquilla, ha il
1080 2689 3473 2854 piede sul rostro dela nave, colla destra il Timone, colla sinistra il corno dell'abondantia, vestita di stola et di
1042 2787 3467 2947 Mantello, ò palla come il vogliamo chiamare. Fu sculpita quella che chiamarono di Liberi; colla mano
1057 2870 3472 3005 destra porge un capello, ò pileo, et conla sinistia un Timone conla palla il capo raso tutto eccetto sul fron
1039 2985 3440 3131 te che ha unpoco dicapelli tanto che para esser stata rasa, et ha nella sommita del capo un Vaso, et cinto
1043 3087 3465 3219 d'una corona come di olivo. Ora questi altri epitafij dela Fortuna sono stati trasportati nella Villa Iulia
1606 3184 3477 3343 et il Terzo del Maestro del Vico Veridiario. Fu trovato, nella Via Appia et trapor
2487 3294 3430 3399 tato nella casa del Vescovo d'Aquino: nel
2485 3380 3505 3509 quale s'acconcia un luogo di Victore lo quale
2483 3458 3500 3607 mette il Vico Veridiano, che vuole dire Viri
2484 3544 2677 3649 diario.
691 3640 1088 3767 Nella Villa di papa
719 3722 970 3824 Iulio terzo.
1168 3430 1244 3511 L
1123 3481 1325 3606 AVID
1162 3562 1274 3650 IVS
1116 3632 1312 3723 PRAE
1135 3705 1298 3795 SENS
1120 3786 1328 3866 FORTV
1152 3851 1287 3939 NAE
1097 3915 1289 4010 AEDI
1114 3987 1319 4092 CVLAM
1638 3366 2361 3492 FORTVNAE•TRAN
1734 3458 2280 3581 QVILLAE•FEL
1599 3538 2395 3704 PRO SALVTE•IMP•CAES
1615 3659 2378 3769 M•AVRELI•COMODIAVG
1701 3762 2376 3917 COR•SANDALIARI
1906 3865 2126 3976 D•D
1643 3919 2333 4076 CVRANT•ET DEDIC
1639 4048 2377 4160 M•AVRELIVS•M•L•EVTYCHV
2316 4017 2370 4083 S
1652 4127 2336 4257 M•AVRELIVSM•L•SYRVS
1851 4200 2276 4351 MAG•E•CORP
2563 3651 3412 3775 L•CORNELI•L•L•SASIAE
2617 3741 3331 3842 MAG•VICI•VIRIDIARI
2749 3813 3284 3910 MONVMENTVM
2580 3870 3409 3999 CORNELIA•L•L•CALETVCHE
2588 3956 3394 4054 CORNELIA•L•L•AMMIA
2643 4020 3381 4127 PATRONIS•SVIS•FECIT
2691 4087 3310 4187 DIGNIS•ET•MERITIS
2703 4138 3314 4240 PRO•EORVM•PIETATI
2705 4225 3245 4341 ET•SIBI•ET•SVIS•
