3800 5255
1804 268 2230 337 DI ROMA.
1096 432 3532 505 In questa Urna di Publio, Pompridio Demetrio liberto, si vede un Ariete dentro un ristretto; et
1154 528 3520 609 pare che uno lo fara: et parche ci voglia significare la morte di esso liberto per qualche cagione
1158 632 3530 733 iniqua intravenuta tra parenti, per cio che mi pare che quel Montone sia la humilta è pacientia
1150 742 3548 837 dele cose mondane; come avvenne al quel di Pelope, donde nacquero gravissime questioni et Trage
1156 832 3540 933 die horrendissime. Im peroche era nell'alte stalle di Pelope un nobile Montone, e guida di un'ricco
1150 938 3534 1045 Eeggie, colli velli d'oro, et perla sua gran bellezza era stimato sacro animale, et percio tenuto ser
1158 1050 3534 1137 rato in un luogo cinto di duri sassi Fabricato in parte riposta et solitaria è da tutti remota; et
1162 1148 3546 1241 il grosso muro difendea quei prati dove quello pascolava. D'esso era padrone Atreo, il quale con
1166 1258 3540 1339 inganno gli fu rapita la moglie, e il Regno da Thieste suo fratello, et il Montone insieme, per lo
1166 1366 3560 1447 cui dolor, Megera Furia infernale, l'una et l'altra face squassava, contra, et conli crini di serpen¬
1166 1466 3572 1539 ti, adosso ai Fratelli scosse, talmente che impitigli d'ardenti furori, li mosse all'ira et all'odio gra
1174 1560 3558 1635 ve, la onde per gran'furore l'uno et l'altro con ira le proprie carni si mangiarono. Uccedendo
1162 1662 3566 1737 , i figliuoli il Zio, diede à Thieste, padre di quelli à mangiar i figliuoli cotti allesso et arrosto.
1186 1762 3594 1851 d'indi nacquero gravissimi furori et dispietati accessi. Et queste simili rovine forsi ci rappre¬
1138 1852 3562 1963 senta per modo consolatorio, questa memoria dell'Urna, come per ammunire, nell'humana vita
1166 1958 3626 2085 accadere cose crudeli et inevitabili, onde si deve lhuomo mortale armarsi di cose piu alte et piu
1182 2064 3624 2203 perfette che fanno lhuomo immortale.⁓ et si deve pensare à questo come ancho al caso del Mon
1164 2152 3618 2305 ton'di Phryxo, che varco l'horrido Mare Boristene portando ingroppa Helle, la quale sendo di
1158 2258 3598 2397 mente frivola et temorosa cadde in quell'acque, che dala cui morte il Mar di esse fu nominato,
1162 2374 3650 2497 Hellesponto: et phryxo passato in colchi sacrificò il Montone à Marte, donde nacque il travaglio del
1158 2472 3656 2613 Re Oete, àl qual fu rapito et il Vello d'oro di esso Animale et Medea conli figliuoli da Iasone; per tan
1130 2582 3660 2713 to, il Montone non ci dimostra altro, che una ricchezza dela vita paciente et desiderata, et perle strane
1142 2688 3624 2823 occasione lacerata et dispersa come si dispergono le bellezze che mostra la lusengevole natura nel'
1146 2793 3672 2919 stato presente, nel passato et riguardante il foturo, et il tempo che ogni cosa consuma et cuopre, et rap
1138 2888 3652 3023 presenta alla nuova prole inquesto mare dell'affanni, inquesti fioriti et fruttiferi campi di natu¬
1146 2992 1234 3060 ra.
2058 3014 3638 3157 Jl Nido conli Ucelletti notricati in esso ci dimostra una fameglia, no
2094 3136 3626 3269 tricata da un padre di Fameglia: et ci dimostra il piacere, et l Amore
2082 3242 3630 3381 verso i figliuoli viventi; et il facile pericolo dell'usurpatione de
2050 3352 3614 3499 la morte. il dispiacer' grave, quando si perde alcuno di essi verso
2086 3476 3630 3635 i parenti. et il dolore grande quando à figliuoli mancano i loro
2064 3578 3612 3747 progenitori. Et questa memoria anchor ci pare, che quel liberto
2056 3688 3638 3879 ci significa moralmente, ponendo in figura, il piacere et il dispia
2064 3804 3618 3977 cere, che nella nostra vita si raccoglie, hor' col bene et hor co'l
2038 3910 3602 4093 male s'arriva al passo letale, et lacrimevole; et percio sideveno
2018 4014 3644 4203 gli huomini mortali contentarsi et arricchirsi dele benigne opere
2002 4120 3612 4309 facendosi per quelle utile, et ricordevole alla posterita, et alli He
1998 4234 3592 4415 redi: per che la Morte è inevitabile, et la Fama quella vince et
1985 4331 2152 4411 preme.
738 3239 926 3302 Trovato
686 3318 1052 3383 Nella Via Aurelia
704 3377 954 3428 Ianicolense.
1216 3372 1814 3471 ΠOΜΠΡΙΔΙΑ•ΑΦΡΟΔΙΤΗ
1198 3462 1808 3561 Π•ΠΟΜΠΡΙΔΙΟϹ ΔΗΜΗ
1238 3522 1754 3623 ΤΡΙΟϹ•ΑΠΕΛΕΥΘΕΡ•
