3800 5255
2964 190 3130 280 29
3141 297 3256 350 26
318 354 2994 468 REMORIA, era luogo incima al colle Aventino, cosi detto dalla cerimonia presa da Remo fratello di Romo
384 456 3004 553 lo, nel prendere l'Auspicio et Augurio nell'edificatione di Roma, presso al quale era il Laureto Maggio¬
390 544 460 628 re.
354 650 2962 735 REMULINO, remulinus fu detto l'Agere, et territorio, posseduto da Remo. figliuolo di Italo, ò come
388 756 2342 831 altri dicono da Remo figliuolo di Marte et di Rhea Vergine Vestale Albana.
344 854 3028 933 REMURIA, fu detta Roma istessa, cosi chiamata dal primo suo edificatore. et cosi ΡΕΜΟΥΡΙΑ fu appel¬
380 954 2946 1034 lata come dice Dionysio. .Onde Stephano gabbato per equivoco. da Romulia à Remulia, che'l una si
376 1051 2956 1121 scrive per .O. et l'altra perla .E. che sono differenti, ne fa una sola, et dice ch'è città di sabini, et
364 1151 2972 1237 dovea dire esser Roma, et non citta vicina à Roma. Per cio che nel vero Renueria da Remo figliuo¬
374 1257 2962 1339 lo di Italo, che prima edifico essa citta dove fu fatta dipoi Roma. et Romuria perla .O. eglie benvero
388 1362 2946 1448 che fu citta de sabini dedutta colonia da Romolo, figliuolo di Marte et di Rhea Ilia figluiola di Nu¬
396 1454 2970 1580 mitore è Vergine Vestale gia violata da Marte. Pertanto Remuria è diversa da questa et è la istessa
390 1546 2942 1669 Roma. Et Romuria chiamo la detta colonia havendo sogiogati i sabini. et il cittadino d'essa
394 1641 2978 1778 Romulia, si dice Romuliate, et Remuria, Remuliate, et Remuriano, come nel greco, cavato dal¬
382 1739 2674 1858 la similitudine del latino., ΡΕΜΟΥΡΙΑΤΗΣ, et ΡΕΜΟΥΡΙΑΝΟΣ, come da Roma Romano
366 1835 2968 1965 REMURIA, anchora fù denominato illuogo dell'Aventino dal sepulcro di Remo, ove ogni anno, per
398 1934 2980 2058 placare le larve, et l anima d'essoRemo sele sollennezzava. La quale chiamavano Remoria, et Remu¬
378 2028 2952 2144 ria, furono dipoi questo ordine chiamato le feste de Morti sepulchrali, ove attorno à sepulchri
378 2134 2976 2225 si facevano, con sparsioni di Rosa, et di corone li Epuli, cio è conviti, per l'anime de Morti, dele quali
374 2228 1158 2304 Ovidio nel quinto de Fasti.
1183 2235 2666 2331 ROMVLVS OBSEQVITVR, LVCEMQVE REMVRIA DIXIT.
1494 2342 2746 2426 ILLAM QVA POSTIS IVSTA FERVNTVR AVIS.
1463 2441 2926 2517 ASPERA MVTATA EST IN LENEM TEMPORE LONGO.
1512 2534 2756 2605 LITTERA, QVAE TOTO NOMINE PRIMA FVIT.
