3800 5255
3110 188 3212 241 15
3210 247 3294 322 12
424 397 3370 482 la in questo modo: ΡΑΒΕΝΝΑ, ΠΟΛΙΣ ΙΤΑΔΙΑΣ. ΕΡΜΙΠΠΟΣ Ο ΒΗΡΥΤΙΟΣ ΡΟΥΕΝΝΑΝ ΑΥΤΗΝ ΚΑΛΕΙ. ΔΙΟΝΥΣΙΟΣ Δ ΕΝ. ΕΚΚΑΙ¬
416 493 3114 578 ΔΕΚΑΤΩ ΡΩΜΑΙΚΗΣ ΑΡΧΑΙΟΛΟΤΙΑΣ, ΚΑΙ ΠΗΙΘΥΝΤΙΚΩΣ,ΚΑΙ ΔΙΑ ΤΟΥ. Η. ΚΑΙ ΔΙ ΕΝΟΣ. Ν. ΑΜΦΟΤΕΡΟΙ ΑΠΗΤΗΣΑΝ
438 596 3024 688 ΦΛΑΜΙΩ ΠΕΡΙ ΤΟΝ ΚΑΛΟΥ ΜΕΝΟΝ. ΡΑΒΗΝΝΟΝ, ΤΟ ΕΘΝΙΚΟΝ, ΡΑΒΕΝΝΑΤΗΣ, ΠΑΡ ΙΤΑΛ?Σ, ΡΑΒΕΝΝΗΣΙΟΣ. Dice egli
424 684 3034 788 dunque che Ravenna città d'Italia. Ermippo la chiamo Berytio Ruenna et cosi la scrisse ò denomino. Dionysio
424 766 3048 878 nel decimo sesto dalle Romane antichita. La nomino Rabenno perla •H•et gentilmente da Rabennon disse Rabenna¬
424 857 3040 970 te. et all'uso Italico Rabenesio. Cosi medesimamente l'appella Strabone come fà Dionysio. onde da essa potemo di¬
410 953 3008 1072 re Ravennata et Ravennesio. Fù Ravenna nel principato di Augusto fatta degna della gente Romana
420 1053 3036 1180 colonia, come dice Nysa. et da Tiberio Caesare mantenuta, et dotata di Porto propinquo alla città detto Ra
422 1155 3038 1284 vennatio ch'era come unaltra città chiamata dalla invitta armata Romana Classis Ravennatia, ove stan
422 1253 3012 1387 ziava la mita dell'Armata, et l'altra mita era nel Mare interiore nel porto Misenatio Iulio Augusto. et
416 1347 3040 1485 in quello muoveano l'arme all'Africa et alla Thracia da questo di Ravenna contra l'Asia. Fù rinovata
408 1443 2976 1572 colonia da Claudio Druso Caesare, et d'indi rinovata di nuovo da Flavio Valentiniano: et da Theodosio
410 1551 2998 1674 molto nobilitata. et pria di Valentiniano da Lucio Vero Imperatore, ove gli fù fatta la statua equestre
410 1655 2982 1784 di Bronzo con lui accavallo come ritornato conla pace, significante l'evento in Italia, la quale figura
416 1769 2992 1890 hodiernamente si vede in Pavia, ò pure Papia città già detta Ticino dal suo fiume, tolta nella guerra
406 1879 3004 1998 à Ravennati nelle discordie Italice, delle quali taceremo per non dire troppo et fuori della nostra intentio¬
416 1975 2988 2100 ne. Fù pria Ravenna fortificata di Argini et palafitte, et anchora palificata nelli fundamenti de
404 2083 2996 2212 suoi muri, et nelli edificij secondo il Geographo, per essere già sul mare in luoghi paludosi e stagni oltre
398 2189 3004 2314 alli quinque Mari, che sono stati stagni abondantissimi, come celo mostra anchora Silio Italico sopradetto.
394 2308 3016 2428 perciò che dalla parte septentrionale sono allei molti stagni opposti, causati dal Pado Argento chiamato già
398 2424 631 2466 Spinetico
604 2373 870 2416 dal lato di qua
631 2427 3056 2531 del Messanico, ove fù Spina pelasgia Thessalica et Diomedea colonia, et verso dello Hiberno orien¬
406 2509 2988 2632 tale sito, è copiosa di selve di Pigne arbori, che furono preparati perla fabricationi delle future Navi della
406 2605 3020 2740 Classe Romana Ravennate, ove erano i Maestri delle Navi ordinati che vi haveano l'allogiamento Nel
380 2715 2954 2834 Arsinale et Navale Porto. Lo quale luogo è detto Classi. Ma si come, Ravenna era sul mare com' il
368 2809 3004 2930 suo porto, hoggidi è adentro terra, sendo cresciuto il litto davante composto dalli flutti del Mare della ter¬
378 2911 2978 3028 ra portata da Fiumi, et perlo scarzo del limo che'l mare mette interra, viene il suo sito fatto come una
390 3015 3032 3132 Amphipoli dal mare et dalli stagni da due bande bagnato. et la sua campagna s'assimiglia ad'uno, cher¬
404 3109 3000 3226 ronesso come quel di Thracia, simile alle città dette Senope per esser quasi cintà dall'acque il suo si¬
390 3203 2950 3334 to.⁓ Verso occidente et septentrione, ha il Fiume Montone, che discende dall'apenino dal luogo detto
386 3305 2938 3432 Viti, passando per lo Forolivio, ò vogliamo dire per Forli ne viene al sito di Ravenna, et dall'altra
390 3415 2988 3526 parte è il Roncon fiume che passava perlo Ronco Municipio al Gattinella Villa mette nel mare pu¬
378 3509 2950 3634 re cerca alla città. Ha illuogo del paese vitifero, et arbustato. et copioso de luoghi da sementare, et
396 3607 3334 3756 tiene il nome del particolar porto, che plinio chiama Besedo. Che già Theodorico Re nella posteriorità quivi residente,
390 3709 2960 3848 denomino Portilio: et possede la palude et stagno della Messaniaca;ch'è dal pado si naviga à Ravenna,
394 3819 2970 3958 et hanno la padusa Fossa et oshia à due miglia dalla città dicui narrano Plinio et Virgilio, PISCOSOVE AM¬
390 3931 2948 4060 NE PADVSA, detta dalla propinquità del pado, come la dice Vibio Sequestre. Dicono che quando quivi
370 4041 1922 4146 propinqua vi fu fatta Spina et Ravenna Thessala da Pelasgi fù fatta Cyma, che hora si dice Cumacchio
378 4151 2002 4240 posseduta dall'Altezza del Serenissimo Alphonso secondo Duce
2058 4142 2134 4176 di Ferara
2002 4173 2980 4264 et fù detta, detta questa città miracolo¬
390 4245 2998 4356 sa di cose pescatorie, ΑΠΟ ΤΟΥ ΚΥΜΑΤΟΣ, onde, ΚΥΜΑΤΥΟΥ, l'oppidi dall'unda che cosi significa. et
386 4335 3002 4454 Ravenne dissero ΑΠΟ ΤΟΥ ΡΕΕΙΝ, dal fluere et spartire, et circundare, et rompere del fluere del mare
390 4437 3030 4564 ΑΠΟ ΤΟΥ ΡΕΥΜΑΤΟΣ ΤΩΝ ΥΔΑΤΩΝ. per essere inluogo aeshirario et combattuto dall'acque, per che
370 4549 3050 4670 tutto'l paese ha bagnato dal pado ultima sua ostia del Rivo Argento, et dal Montone, et dall'Anemone,
